2996 4888
242 407 277 453 Τ.
301 406 480 455 nocituris
506 406 596 454 oliti
624 405 826 454 DR'RERUM
856 405 942 454 unt.
968 404 1038 452 uio.
1062 403 1112 452 VI.
1140 387 1246 453 1643

153 545 604 612 ιοὶιδντῇηοδποΰμοπάροολήοιο
613 548 683 611 rosei,
719 543 812 604 lldrrns
832 545 853 594 δ’
871 544 991 596 ἐσσείοντο
1005 542 1248 595 eltn‘riuwudm

152 621 192 671 nl
199 621 243 672 τὸν
251 621 347 684 nivem
356 626 457 684 σοοομόν
466 621 514 674 οἷον
522 622 607 688 τρόμον
617 620 684 683 εἶναι,
714 620 1188 685 Ἷῦηο,Κοὶκορυφοὶ,Τρῶυντοτ6λη,κοὶ
1194 621 1248 678 vises

152 697 224 748 rlrt'
239 697 289 750 olor
304 699 420 762 σφημίν.
433 701 450 750 i.
459 714 482 750 e.
515 700 683 762 ‘Intelligere
719 695 830 758 Ἀχαιῶν.
852 697 969 746 Ἔδδοισεν
975 695 996 746 δ’
1003 696 1124 760 ὑπένερθεν
1133 696 1189 758 ἅναξ
1198 695 1247 746 M·

153 774 222 832 euim
232 781 345 839 oportet,
363 774 575 839 quemadmodum
586 775 612 823 in
627 789 683 824 eur·
720 791 765 836 ρον
776 771 908 833 'biterrim‘
916 771 1001 823 Δείσας
1011 773 1031 821 d'
1047 774 1074 822 le
1087 772 1166 836 θρόνου
1176 771 1247 834 duro,

155 863 221 914 pore
243 859 344 912 nostro,
364 859 502 900 tremorum
519 857 547 900 et
565 851 683 914 pulsuum
720 847 1247 913 adluxeffliollrepdrrslsrisudidteuno·

154 937 234 992 eausa
245 933 286 975 est
295 925 408 976 efficiens
420 926 459 975 ris
470 927 570 985 enimse,
582 939 627 974 teu
638 923 684 975 fla·
720 923 966 986 πιθὼν-ἐνοσίχθων,
984 924 1053 974 oleis
1063 923 1089 974 il
1097 927 1198 983 θνητοῖσι
1208 923 1248 974 καὶ

155 1005 209 1062 tus,
225 1003 268 1066 qui
288 1003 467 1065 intercipitur,
480 1003 517 1052 ita
533 1011 559 1051 et
578 1003 685 1052 interra
721 999 854 1050 ἀθανάτοισι
861 1000 944 1064 φανείη
953 991 1249 1066 Σμερδολέ“,εῠρόωο,ὀό

154 1071 247 1124 flatum
273 1077 357 1126 siusile
384 1077 505 1141 quiddam
526 1076 640 1139 efficere,
658 1085 686 1128 et
722 1065 1063 1140 ‹s'mydwaewtnpee
1085 1079 1135 1125 ie.
1153 1077 1248 1138 ‘Nep-

157 1157 235 1198 terrae
249 1159 333 1201 motus
350 1152 414 1200 elios
431 1167 489 1202 esse
501 1153 581 1204 reluti
592 1161 686 1202 tremo·
723 1159 800 1201 tunus
812 1159 896 1202 sutem
907 1150 1009 1200 inferne
1029 1158 1123 1200 terram
1140 1149 1249 1200 immen-

157 1236 210 1286 τοι,
221 1224 285 1274 alios
293 1225 407 1288 pulsibus
416 1229 593 1278 consimileis!
602 1229 685 1280 hosi.
723 1240 787 1288 ssm,
798 1228 971 1292 montiumque
979 1226 1034 1276 altu
1044 1227 1179 1276 eacumina
1189 1239 1251 1275 eon·

170 1337 173 1348 .
191 1299 298 1362 Umor]
322 1301 412 1356 Celsus
424 1306 447 1352 l.
466 1307 490 1354 3.
501 1304 535 1354 de
552 1305 685 1356 Febribus.
723 1305 818 1354 cussit:
831 1304 982 1354 omuesidie
990 1301 1251 1368 redicenseupedes,

157 1372 300 1424 Horrorem
311 1389 384 1441 uoco,
393 1377 437 1426 ubi
454 1385 536 1428 totum
546 1394 639 1443 eorpus
648 1380 687 1429 iu·
723 1379 887 1442 vacillabant,
907 1387 935 1429 et
958 1381 1086 1429 vertices:
1115 1385 1168 1428 tum
1189 1376 1250 1426 urbs

158 1451 255 1500 tremit.
274 1450 370 1501 Creecb.
722 1453 907 1517 Troianorum,
937 1462 966 1504 et
991 1453 1143 1503 Graecorum
1172 1465 1252 1502 utres

189 1530 240 1574 oliti
258 1527 329 1576 Testa
347 1542 447 1590 superne
469 1528 563 1591 timent,
581 1535 688 1581 metuant
724 1535 859 1579 commoto
881 1535 950 1580 snut.
988 1529 1087 1578 'linuit
1105 1535 1192 1578 sutem
1213 1527 1251 1575 iu·

157 1601 262 1665 asne]
283 1603 326 1652 Sic
347 1603 494 1666 legendum,
510 1613 539 1655 et
554 1606 593 1655 its
608 1608 687 1672 serip-
724 1604 798 1654 {erue
810 1620 856 1654 rex
866 1603 1005 1655 inferorum
1017 1603 1104 1661 Pluto,
1119 1609 1148 1652 et
1159 1603 1251 1652 timore

158 1685 214 1728 tum
225 1686 265 1728 est
277 1679 304 1727 iu
315 1679 405 1730 codice
414 1681 550 1741 Vaticano,
560 1683 688 1742 Tettisnu,
725 1679 833 1731 affectus
843 1696 858 1730 e
869 1680 931 1730 sede
947 1689 1002 1729 sua·
1012 1677 1126 1740 exsiluit,
1140 1685 1169 1727 et
1186 1676 1253 1726 soei·

158 1764 187 1805 et
196 1757 369 1807 Memmiana:
385 1757 535 1823 nisibuseum
545 1769 688 1824 congruunt
723 1756 820 1806 sentus
831 1764 882 1819 est,
894 1771 926 1806 ue
935 1755 1024 1806 subtus
1034 1754 1082 1804 sibi
1092 1760 1185 1803 terram
1194 1751 1252 1816 pe'r·

160 1831 266 1887 codices
280 1833 433 1894 Florentiui,
448 1842 476 1884 et
492 1835 587 1884 Veneti
600 1851 687 1886 recen·
723 1831 851 1896 fringeres
861 1835 1010 1896 Neptunus,
1019 1832 1090 1881 sedas
1101 1835 1188 1878 autem
1199 1837 1253 1878 strue

159 1907 250 1957 tiores.
261 1907 303 1957 alii
315 1915 411 1971 autem,
421 1910 446 1958 ln
464 1909 556 1974 quibus
571 1911 689 1974 suppusi·
725 1911 865 1971 terribiles,
875 1916 902 1959 et
921 1909 973 1959 situ
983 1915 1075 1966 seutte,
1092 1917 1154 1972 quas
1173 1904 1252 1954 etism

160 1989 215 2031 tum
228 1994 269 2033 est
287 1998 396 2046 ουριποο,
413 1993 441 2034 et
455 1985 558 2045 interno,
573 1987 690 2038 mendosi
726 1986 773 2036 Dii
783 1987 890 2036 horrent
906 1992 983 2051 atque
1001 1981 1122 2046 oderunt,
1138 1977 1255 2031 mortali·

161 2067 233 2121 suut,
254 2059 350 2124 quippe
368 2061 486 2124 corrupti
502 2062 535 2110 sb
546 2060 631 2126 iisqui
643 2075 690 2125 pu·
727 2061 812 2112 buset
822 2061 1005 2112 immortalibus
1015 2057 1152 2125 paterent!
1184 2056 1255 2105 Tan·

161 2139 260 2197 urens,
269 2135 297 2183 iu
308 2135 359 2185 iilis
370 2135 498 2186 adverbiis
510 2137 625 2187 ultimam
641 2138 692 2201 syl·
728 2143 769 2186 tus
780 2137 878 2188 sonitus
885 2137 1015 2188 exultatus
1023 2143 1074 2198 est,
1082 2135 1140 2185 Diis
1148 2133 1181 2182 ad
1193 2145 1257 2196 pug-

161 2209 433 2274 labsruiuugaruesse.
449 2212 517 2277 quod
536 2210 692 2277 falsumne,
729 2215 841 2266 nandum
851 2214 1003 2278 congressis.
1036 2213 1088 2264 Sed
1109 2209 1211 2260 videtur
1228 2209 1257 2256 iu

161 2291 193 2334 at
215 2299 287 2350 serpe
304 2287 361 2351 jam
385 2287 506 2338 diximus.
527 2287 692 2350 subintellige
729 2305 805 2342 versu
826 2289 943 2355 sequenti
958 2283 1257 2353 legendumlmquessis

163 2369 251 2412 autem
271 2362 297 2411 io
318 2363 450 2424 ‘timeut,'
470 2363 626 2427 ‘metnuut,’
648 2364 692 2414 bo·
729 2367 825 2426 consero
850 2368 909 2416 uelit
927 2365 1009 2427 compl.
1034 2365 1099 2412 ruis.
1139 2363 1179 2411 irs
1211 2371 1255 2408 su-

162 2437 418 2500 mines,bocmodo;
441 2439 534 2489 timent
551 2440 694 2490 lsominess
731 2450 795 2505 teru,
825 2444 843 2492 i.
863 2456 887 2492 a.
908 2457 960 2491 οοοι
987 2439 1120 2491 subintell.
1150 2437 1257 2486 histum.

163 2515 299 2577 superiore
317 2519 400 2577 parte,
419 2529 453 2564 ne
470 2519 542 2566 tecta
560 2523 694 2578 corruant,
729 2517 814 2568 lamb.

165 2590 285 2647 seilicet:
303 2589 445 2652 'inferum'
460 2591 479 2642 i.
491 2605 514 2642 e.
528 2591 693 2642 sbiuferiura
764 2597 813 2642 599
829 2593 902 2656 quue
918 2591 979 2656 οοίο]
1002 2591 1085 2654 inque
1102 2587 1258 2640 Lambinus

164 2674 252 2730 parte,
274 2671 402 2726 metuunt,
420 2681 453 2716 ne
472 2675 551 2716 terrae
570 2673 694 2718 osvermis
731 2669 751 2720 i.
762 2683 787 2718 e.
798 2669 920 2732 illumque
931 2668 1042 2718 histrum
1057 2666 1152 2719 cnei.

164 2741 517 2807 repenteuaturadissolvst.
533 2741 615 2792 bousb.
632 2743 695 2795 Qui·
764 2749 814 2794 duo
832 2745 936 2794 Proissde
961 2745 1024 2807 bort,
1043 2742 1160 2807 menois]
1192 2741 1216 2791 1.
1234 2755 1259 2791 e.

169 2817 230 2868 dem
241 2817 309 2878 iibri,
320 2824 460 2881 superaret
471 2817 574 2878 insono.
591 2817 648 2868 ott.
732 2820 840 2886 proinde
852 2821 997 2887 quatumvis
1014 2821 1076 2870 lieet
1085 2819 1200 2870 homiues
1212 2830 1259 2881 pu-

202 2897 252 2943 tm
279 2893 363 2942 Tenui
386 2892 492 2957 Nature]
522 2893 585 2957 Ipsa
611 2893 696 2944 telluu
734 2897 919 2948 teutmuudmu
928 2910 985 2946 esse
997 2895 1177 2955 immortalem,
1188 2905 1260 2942 uum·

171 2969 270 3019 Ormi·
450 2989 452 2992 ·
733 2989 859 3040 quamque
878 2975 1055 3032 interiturum
1088 2973 1145 3035 ipss
1174 2979 1260 3020 tamen

185 3051 250 3096 awti
268 3047 324 3096 Nea
340 3047 454 3098 distractu
468 3047 697 3111 mntmedbpm·
734 3051 846 3116 perieull
863 3049 1014 3110 magnitudo
1025 3046 1154 3096 interdum
1171 3059 1216 3094 eos
1229 3045 1261 3094 ti·

167 3121 223 3186 dot]
248 3121 271 3172 1.
291 3137 315 3172 e.
333 3138 399 3173 uere
418 3131 489 3174 terra
507 3123 607 3174 divulsa
623 3137 697 3173 snum
733 3140 804 3175 mere
816 3126 895 3188 cogit,
910 3138 944 3173 sse
963 3131 1030 3172 terra
1041 3136 1099 3171 sese
1113 3135 1201 3170 eorum
1218 3134 1262 3184 pe·

167 3197 265 3248 bistum
286 3198 337 3248 late
356 3199 381 3246 lu
393 3199 508 3248 diversas
519 3199 618 3262 parteis
636 3212 697 3261 spe·
734 3203 809 3252 dibus
825 3199 968 3262 subtrahet,
983 3205 1061 3262 atque
1072 3197 1098 3246 in
1113 3197 1262 3247 barathrum

167 3275 231 3324 risi.
263 3269 430 3334 Mireautem
450 3282 528 3326 terre
548 3275 698 3326 mutnmde·
736 3291 854 3344 praeceps
866 3277 953 3326 eadat.
970 3273 1052 3325 Lonb.
1086 3273 1195 3323 Demum
1213 3287 1263 3324 rsa.

169 3351 284 3414 scripsit,
301 3349 410 3415 ejusque
426 3351 629 3413 magnitudinem
648 3357 699 3400 ter·
734 3359 760 3405 7.
778 3354 829 3403 illis
845 3354 962 3414 insultat,
973 3351 1015 3417 qui
1032 3357 1126 3414 putant
1140 3351 1262 3400 muudum

169 3427 237 3476 roris
257 3426 359 3489 plenam
380 3425 452 3475 auxit
469 3433 496 3474 et
515 3424 699 3489 amplificavit:
737 3441 862 3482 aternum
881 3429 938 3480 fore
955 3437 983 3479 st
1004 3428 1185 3488 immortalem,
1204 3439 1263 3476 cum

170 3502 324 3567 videbarque
332 3516 390 3551 eum
402 3501 515 3551 Homero
523 3508 645 3562 certasse,
656 3501 701 3564 qui
738 3515 843 3568 serrem,
861 3517 979 3568 magnam
995 3503 1063 3552 illius
1075 3507 1186 3567 partem,
1197 3500 1265 3550 adso

170 3593 224 3630 uon
247 3579 364 3628 dissimili
385 3579 486 3628 serione
504 3585 582 3626 terre
603 3585 701 3626 morum
737 3599 885 3634 concussam
896 3585 1059 3644 sensianum
1068 3577 1265 3640 labefactatum,

171 3657 313 3708 excitatum
322 3655 467 3720 sNeptuuu
476 3661 538 3716 tum,
548 3668 605 3703 uum
614 3647 701 3704 Aelnil-
737 3661 788 3709 imo
797 3673 855 3709 enm
866 3660 915 3724 ipsi
926 3659 1007 3708 totius
1016 3655 1146 3718 compagis
1157 3652 1265 3703 dissolu·

171 3733 212 3783 les
231 3733 349 3797 placatus
371 3731 473 3782 Graecis
490 3731 609 3795 praelium
625 3729 701 3796 longo
738 3737 833 3786 tionem
843 3743 871 3785 et
883 3735 979 3783 nulnum
989 3735 1091 3782 timent.
1109 3729 1205 3778 enses

173 3811 309 3860 intervallo
318 3809 568 3872 luiit,exeggeraril:
578 3808 701 3871 nisiquod
772 3817 822 3862 6⁰⁰
833 3812 900 3860 Licet
909 3807 1025 3874 mmsis]
1036 3807 1129 3856 Cicero
1136 3805 1162 3852 lu
1170 3803 1265 3853 Laelio:

174 3887 252 3938 iuer.
263 3893 412 3936 nosternon
424 3893 464 3934 est
478 3899 553 3934 ausus
564 3891 638 3934 tants
649 3898 702 3933 ser·
738 3887 868 3952 ‘quemvis
879 3887 939 3935 lieet
947 3883 1077 3934 excellens
1087 3879 1104 3928 ι’
1115 3885 1222 3927 notente
1232 3879 1266 3928 ii.

173 3961 257 4014 moui·
277 3962 317 4011 uti
335 3961 518 4025 superlatione,
534 3967 630 4024 quauta
648 3960 702 4010 Ho·
740 3964 763 4013 1.
779 3962 872 4012 vossio
890 3959 924 4008 de
943 3955 1142 4008 Cumtruullune
1161 3968 1187 4017 p.
1209 3957 1267 4003 ΜΘ.

174 4053 269 4089 merus·
301 4039 353 4096 Sed
372 4045 479 4102 prestat
496 4037 603 4086 Homeri
614 4050 702 4086 versus
740 4039 812 4088 Edit.
824 4037 849 4085 iu
861 4031 1068 4091 liusrtal'orm23
1086 4037 1115 4078 ut
1133 4037 1161 4078 et
1178 4028 1222 4078 lib.
1241 4035 1266 4080 t.

178 4114 332 4165 adscribere.
363 4113 406 4164 Sic
417 4113 498 4177 igitur
508 4113 552 4161 ille
566 4117 609 4161 Ἰλ.
620 4112 668 4162 lib.
680 4131 703 4161 υ.
740 4116 774 4164 de
786 4111 862 4162 Anal-
873 4124 899 4173 p.
909 4113 968 4160 ato.
985 4107 1065 4172 AEque
1074 4119 1134 4156 vero
1146 4104 1213 4170 apud
1226 4107 1268 4156 Ci-

178 4195 220 4242 tt.
241 4189 318 4254 Airlp
329 4187 403 4252 lupos
413 4186 545 4238 προειδόσιν
555 4187 642 4249 lebete
653 4189 704 4238 roi·
741 4201 862 4240 neronem
873 4199 904 4236 su
921 4185 964 4235 bio
978 4197 1027 4248 pro
1037 4182 1182 4248 quatumvis
1194 4182 1270 4234 sumi·

179 4267 357 4332 νὰιοιρεοίηο,
374 4264 444 4330 ipim
459 4265 483 4312 r’
498 4262 587 4314 sinui
609 4261 705 4328 κάρηνα·
742 4274 794 4317 tur.
814 4264 878 4314 Hor.
