2988 4880
269 351 355 418 1750
407 367 566 417 CODICES*
586 368 624 416 iii
650 367 838 416 breuiora.
863 365 984 416 untur.
1008 365 1233 414 ASSERVATI.

639 607 766 676 Codices
782 607 976 674 Osonierues.

311 782 409 847 Duos
422 783 554 846 tantum
561 777 697 844 codices
703 776 923 843 bibliothecae
934 773 1151 841 oxonienses
1164 777 1269 843 nobis
1281 798 1369 863 prae·

268 885 361 961 bent,
376 901 516 966 quorum
531 879 632 946 ambo
646 880 681 943 in
695 875 873 942 Bodleionu
887 882 1024 942 restant.
1059 874 1197 942 Horum
1211 881 1366 946 notitiam

268 986 455 1062 nobiscum,
470 980 504 1047 in
519 983 595 1048 aliis
609 983 709 1046 rebus
722 979 868 1046 Londini
882 977 1074 1063 occupatis,
1090 975 1252 1063 publicus
1266 983 1367 1049 bibli-

268 1089 459 1155 otbecarius
476 1087 656 1170 Philippos
670 1086 774 1163 Bliss,
800 1084 836 1150 S.
850 1083 891 1149 Τ.
907 1083 950 1147 Ρ.
970 1082 1115 1166 benigne
1139 1085 1367 1151 communica-

268 1193 328 1258 rit.
371 1189 430 1254 Sic
458 1187 511 1254 vir
537 1188 675 1256 doctus:
698 1186 786 1254 uss.
807 1184 909 1267 angl.
924 1184 1023 1252 8045.
1044 1203 1134 1252 nunc
1164 1185 1231 1250 Ms.
1263 1187 1366 1252 Bodl.

266 1291 407 1358 Auctar.
422 1289 462 1358 F.
477 1289 576 1356 1.13.
599 1295 649 1355 est
662 1289 770 1355 codex
784 1287 1025 1374 pulcherrimus
1040 1287 1187 1354 Lucretii
1202 1291 1367 1355 membra-

266 1414 409 1474 nacens3
433 1392 582 1476 scriptus
597 1390 713 1458 forsan
727 1393 792 1458 sub
807 1391 905 1456 initio
918 1389 974 1455 vei
984 1389 1048 1456 sub
1062 1388 1174 1458 medio
1187 1409 1267 1458 saec.
1282 1407 1366 1455 xrv.

267 1496 494 1581 calligraphia
508 1513 609 1579 supra
627 1494 763 1559 modum
778 1494 917 1579 pulchra
930 1497 990 1556 est.
1034 1490 1259 1558 Bibliothecae
1276 1493 1367 1560 Bod-

265 1599 386 1665 loianae
401 1597 544 1664 donatus
559 1602 611 1663 est
624 1616 658 1662 a.
670 1596 770 1662 1610.
813 1593 960 1660 Videtur
982 1592 1117 1659 Italicae
1138 1591 1244 1658 tuisse
1266 1595 1366 1679 origi-

268 1697 584 1888 magnificationes·
608 1797 696 1863 Mss.
720 1802 774 1862 est
796 1795 968 1882 exemplar
991 1793 1141 1860 Lucretii
1156 1795 1365 1866 membrana·

264 1922 358 1984 cans,
384 1903 575 1970 recentioris
603 1901 726 1979 aetatis,
755 1900 818 1966 aed
842 1901 980 1983 optimae
1003 1897 1250 1986 calligraphiae.
1296 1901 1364 1966 Hic

264 2006 367 2072 etiam
381 2005 522 2071 sortasse
538 2004 670 2070 italicae
685 2001 835 2084 originis,
859 2006 895 2067 et
907 1999 1058 2084 scriptus
1073 2000 1206 2066 circiter
1219 2003 1363 2069 medinm

264 2107 383 2174 muti
397 2123 463 2172 xv.
486 2106 619 2172 Formae
631 2105 779 2171 minoris·

618 2303 724 2373 codex
739 2301 1017 2391 Cuutubrigieucis.

310 2457 493 2526 Decodice
508 2455 769 2540 cantabrigiensi
784 2453 972 2533 chartaceo,
987 2473 1152 2538 quorsus
1168 2462 1225 2520 est
1238 2454 1363 2523 Wake-

264 2560 387 2628 fieldus
397 2559 594 2626 inLucretio
602 2559 745 2637 edendo,
754 2557 831 2623 ride
844 2557 1081 2623 Praesationem
1096 2557 1172 2642 ejus
1187 2577 1293 2644 snpra
1303 2580 1363 2645 pp.

263 2661 382 2729 lull.
411 2661 481 2727 Hic
490 2658 758 2727 codenolimfuit
767 2657 902 2723 Antonii
914 2657 1070 2738 Askenii,
1082 2657 1225 2725 mmet
1233 2669 1362 2749 postea,

263 2763 374 2846 pretio
388 2760 564 2844 redemtus,
588 2763 623 2825 in
649 2760 811 2825 Bibliotb.
842 2760 936 2845 publ.
960 2759 1105 2827 Cantab.
1136 2762 1362 2845 migraverat:

263 2861 440 2948 etquidem
451 2863 628 2948 catalogus
637 2862 804 2930 Codicum
816 2863 976 2930 Brbliotln
988 2862 1082 2947 publ.
1091 2861 1233 2929 cantab.
1244 2866 1363 2949 paucis

261 2965 384 3032 abhinc
398 2965 531 3031 annisa
542 2965 711 3030 nobismet
724 2963 912 3049 exscriptus
927 2985 987 3029 nos
1001 2969 1113 3029 certos
1122 2964 1317 3032 reddiderat
1330 2969 1362 3032 in

261 3087 325 3134 suo
349 3067 426 3134 loco
441 3065 581 3134 eundem
604 3085 695 3132 nnnc
721 3084 788 3130 non
811 3064 1044 3131 inveniendum
1060 3085 1158 3132 esse:
1181 3073 1218 3132 at
1241 3075 1282 3132 nt
1300 3069 1362 3134 ad·

261 3169 330 3238 buc
362 3171 522 3238 certiores
553 3189 617 3236 nos
653 3167 874 3246 redderemus,
908 3169 954 3234 ad
986 3166 1170 3234 Custodem
1200 3169 1361 3236 Bibliotb.

262 3272 403 3336 Cantab.
425 3270 635 3355 scripsimus,
659 3269 730 3354 qui,
749 3269 888 3354 benigne
911 3270 1083 3336 nobiscum
1098 3272 1361 3352 communicans,

261 3374 383 3440 iterum
397 3380 498 3456 utque
519 3373 638 3438 iterum
660 3372 844 3458 rescripsit,
865 3373 967 3438 talem
990 3371 1151 3439 Codicem
1175 3374 1210 3438 in
1231 3375 1362 3441 Biblio-

260 3473 356 3540 theca
381 3474 510 3540 nullum
535 3495 623 3553 esse,
644 3494 751 3559 neque
776 3475 812 3539 in
826 3473 986 3540 Generali
1003 3473 1089 3540 Mss.
1104 3474 1224 3541 Indice
1242 3479 1362 3545 notari.

260 3577 306 3642 Et
339 3576 472 3664 quidem
508 3597 572 3642 nos
603 3575 702 3642 valde
734 3577 951 3655 mirabamur,
988 3576 1046 3660 qui
1082 3576 1169 3642 bene
1205 3579 1361 3644 norimus

259 3678 505 3747 Wakefieldum
536 3678 643 3744 fuisse
674 3679 709 3742 in
734 3681 835 3745 rebus
863 3677 1056 3764 hujusmodi
1081 3679 1199 3758 virum,
1225 3680 1256 3743 si
1285 3671 1383 3765 quis

257 3783 358 3863 atius,
373 3781 450 3849 tidei
464 3781 624 3866 antiquae,
648 3789 695 3859 et,
717 3787 757 3846 ut
780 3783 870 3848 alma
884 3780 956 3866 ejus
978 3786 1084 3848 mater
1104 3779 1258 3845 codicem
1271 3781 1359 3848 bunc

257 3885 440 3971 pretiosum
459 3883 598 3968 benigne
622 3882 946 3960 subministraverat,
972 3879 1158 3947 abeodem
1182 3899 1245 3965 pro
1267 3887 1357 3947 certo

256 3989 446 4055 restitutum
460 3985 577 4052 fuisse.
620 3983 775 4050 Tandem
799 3984 980 4069 aliquando
1001 3983 1196 4068 accepimus
1216 3983 1356 4050 eundem

258 4089 344 4156 eod.
357 4097 434 4174 post
458 4091 589 4172 longam
610 4087 864 4171 inquisitionem
886 4089 1010 4154 iactam
1034 4086 1174 4153 feliciter
1195 4085 1231 4149 iu
1252 4087 1356 4152 iucem

256 4191 442 4277 prodiisse:
464 4191 555 4274 quod
570 4209 613 4258 eo
633 4190 779 4257 alacrius
797 4191 852 4258 bic
866 4191 1002 4276 publice
1022 4208 1256 4271 memoramus,
1278 4191 1357 4276 quia
