3006 4880
266 396 300 443 r.
324 393 501 444 cucusum
526 393 615 444 cum
642 395 689 442 ne
714 393 845 444 uuuuu
870 395 959 445 usu.
983 397 1058 448 urs.
1081 399 1115 447 v.
1158 385 1244 450 152⁷

153 533 296 586 Humidum
314 539 401 584 sulem
418 539 518 586 trulum
532 533 680 599 ignicibum
717 536 778 602 quin
798 536 846 588 bsc
868 538 981 590 eveniet.
1000 539 1084 592 Pale.
1117 541 1243 606 Vegelius

154 627 219 673 esse,
236 611 310 676 quusi
327 609 423 660 humidi
441 625 500 676 psrs
519 626 560 675 es,
572 627 628 678 qum
645 613 679 662 sit
715 617 740 662 t.
753 615 794 662 88.
819 613 875 663 ‘iii
895 628 964 678 sepe
985 615 1088 678 singuli,
1110 616 1241 668 interdum

152 693 304 746 extenuato,
326 701 436 752 queque
460 687 624 750 subvehatur,
647 688 681 738 sd
717 687 777 752 duo,
803 689 902 752 maguis
928 697 1013 742 entem
1042 693 1244 756 tempestatibus

155 763 234 812 solem
247 763 393 828 perveniet,
405 769 449 816 sut
460 763 532 826 qussi
545 763 586 813 bic
598 763 680 813 bumi-
716 763 795 814 stium
804 769 856 814 tres
863 766 959 830 puriter
967 764 1029 816 flere
1038 769 1245 820 consueverunt!

152 838 180 888 di
191 853 313 888 suscensus
326 837 386 887 tulis
404 839 446 901 sit,
459 839 541 903 quslis
552 840 595 903 qui
610 837 680 890 flum-
716 839 799 892 Quem
826 842 919 905 locum,
944 848 973 891 ut
999 848 1028 891 el
1049 842 1157 894 Homeri
1183 845 1245 894 stio-

155 903 203 963 mae
221 913 315 962 orienti
334 921 362 962 et
381 913 477 963 virenti
496 915 630 979 contingit.
648 930 681 966 ex
717 931 835 984 rumque,
846 918 953 970 adducit
972 919 1100 973 Brodseus
1119 922 1152 972 sd
1171 923 1244 974 culs·

154 997 368 1054 qunnrgumeuto
387 987 515 1053 probabili
535 999 629 1052 sumto,
643 991 681 1040 sio
718 992 792 1042 brum
803 1009 862 1058 μσς.
870 997 927 1044 ull.
944 995 989 1046 ubi
998 996 1145 1048 Lucretium
1155 997 1245 1050 delen·-

156 1071 184 1137 sl
205 1063 239 1114 de
262 1066 317 1115 sole
340 1065 528 1118 existimarunt.
557 1066 611 1116 Sed
634 1068 682 1116 boo
719 1067 767 1118 dit.
784 1069 850 1121 Hos.

155 1154 207 1189 nou
222 1147 264 1190 est
281 1141 372 1190 simile.
406 1142 520 1190 Flumine
531 1141 597 1192 euim
607 1140 637 1190 iit
648 1155 682 1191 ex
749 1149 798 1194 619
817 1147 851 1198 At
871 1161 919 1196 sos
938 1146 1028 1210 oluit]
1051 1148 1130 1200 liutto
1151 1149 1245 1214 incipit

155 1215 279 1266 continuo
296 1215 400 1266 bumido
421 1222 449 1266 et
472 1217 540 1268 sicco
560 1218 682 1268 vericuli-
718 1220 768 1270 diei
782 1229 810 1271 et
819 1223 901 1272 unctis
911 1237 1000 1274 cousus
1009 1225 1150 1288 explicere.
1160 1225 1244 1276 Iussi.

156 1291 405 1357 buqneqnesllsur.
439 1293 498 1342 Non
516 1293 582 1342 euim
595 1301 682 1344 msuel
718 1295 796 1366 Diem
812 1299 927 1362 requitur
944 1312 1005 1358 nou,
1022 1299 1082 1363 quis
1102 1305 1187 1350 usum
1205 1302 1244 1354 sul

154 1367 246 1416 eadem
267 1369 319 1417 ullo
338 1375 454 1432 tempore
471 1367 535 1420 fere.
567 1369 621 1420 Soli
637 1386 682 1421 nu·
718 1373 794 1436 longo
827 1389 903 1426 cursu
935 1377 1080 1440 languidus,
1105 1391 1244 1430 occasurus

157 1449 206 1492 leur
223 1442 281 1494 fieri
301 1445 464 1495 nullomodo
483 1453 571 1509 potest
589 1452 618 1495 ut
633 1446 681 1496 boc
718 1450 785 1498 cuiun
804 1450 967 1514 languescere
986 1452 1098 1515 uidetur,
1116 1455 1245 1519 extingui·

155 1509 265 1573 decidat.
301 1522 368 1570 Nem
385 1521 407 1570 si
423 1521 514 1571 eodem
533 1521 617 1584 modo,
632 1536 682 1589 qun
719 1525 1245 1594 tur,uelquisesdemsiqussoptater·

155 1587 231 1648 modo
242 1597 280 1647 illi
293 1595 392 1660 dicunt,
409 1597 502 1660 ulatur,
518 1598 682 1662 perspicuum
719 1599 859 1650 rssdluruu
867 1609 983 1666 tempore
992 1605 1151 1669 volvebatur,
1158 1607 1247 1658 subter

156 1679 198 1722 est
219 1679 382 1735 eventurum,
403 1679 432 1722 ut
452 1673 497 1722 Sol
519 1686 570 1721 nun
591 1673 682 1737 solum,
719 1681 802 1724 terres
814 1684 939 1726 nocturno
956 1677 1046 1728 fertur.
1072 1681 1245 1742 'Epicurusin

154 1745 369 1814 quemadmodum
402 1756 490 1798 censet
524 1747 683 1813 Heraclitus,
719 1751 879 1815 Epistulssd
893 1753 1043 1816 Pythoclem
1059 1764 1144 1806 ortum
1164 1763 1246 1808 stoc·

153 1823 364 1890 quotidieuorus
371 1823 414 1887 sil,
423 1823 468 1873 ssd
476 1838 579 1888 semper
589 1831 616 1874 et
624 1839 683 1875 cou-
719 1839 803 1874 cesum
813 1827 875 1876 solis
895 1835 923 1877 et
938 1828 1006 1876 lurue
1022 1829 1074 1878 κστ·
1084 1829 1209 1893 ἐμφάνειάν
1217 1848 1246 1882 rs

156 1899 272 1950 tinenter
280 1914 371 1950 nouus.
384 1902 421 1950 Μ.
429 1901 526 1952 Tullinus
535 1901 682 1965 opinionem
719 1901 836 1966 ὕπὲργῆι,
856 1903 895 1952 sul
909 1901 980 1954 πόλιν
996 1905 1122 1969 decipulo,
1134 1909 1175 1957 sei
1191 1908 1244 1958 κοτ’

156 1975 226 2024 illsm
238 1973 357 2026 Cleuutbl
368 1976 491 2026 adscribit
509 1975 554 2026 lib.
566 1980 591 2026 ll.
602 1978 635 2026 de
647 1978 682 2028 N.
719 1976 860 2041 1νοψιν,ιιιι1
868 1980 930 2029 sord
939 1978 1023 2038 saion
1032 1996 1108 2046 posse
1118 1981 1174 2033 lieri
1185 1997 1247 2034 con·

157 2043 244 2114 D.'bis
257 2051 355 2102 serbis:
370 2050 455 2104 ‘Quid
470 2053 556 2102 enim?
573 2067 623 2104 nou
636 2054 683 2103 sis·
720 2054 811 2104 tendit.
830 2056 925 2106 cresci.

157 2127 216 2180 dem
228 2131 302 2179 uobis
311 2131 506 2194 piscetomnem
515 2131 598 2194 ignem
607 2138 683 2196 postu
752 2135 800 2180 650
818 2131 856 2179 De
865 2131 934 2194 longo
945 2131 1024 2194 cursu]
1036 2133 1109 2183 Post.
1121 2134 1178 2184 uide
1187 2150 1244 2200 quse

158 2198 286 2267 indigere,
312 2219 361 2254 uec
381 2219 532 2268 permonere
554 2205 607 2256 nilo
629 2221 684 2258 mo·
721 2205 753 2256 sd
766 2211 788 2255 l.
807 2205 911 2256 Eutime
929 2213 1014 2256 utitem
1035 2209 1094 2257 coeli
1109 2212 1247 2264 vocutboc

158 2280 193 2330 do
211 2295 299 2346 posse,
325 2281 374 2331 nisi
401 2281 503 2331 ulatur?
536 2281 580 2332 su
596 2290 683 2334 curtem
721 2281 878 2344 locupsttes
895 2282 1014 2332 occiduus
1030 2282 1062 2332 td
1078 2283 1247 2336 Alicnticuut.

159 2357 250 2419 sulem,
269 2357 365 2419 lunum,
390 2356 489 2428 reiiquu
510 2363 590 2420 estre,
612 2359 684 2422 cquis
723 2355 809 2408 Faue.

157 2432 208 2482 slis
236 2430 363 2492 dulcibus,
389 2431 439 2480 ulie
465 2431 585 2481 murinis?
609 2433 685 2482 Eum·
757 2431 848 2482 Ultimo
857 2431 922 2496 coli]
933 2433 1013 2483 Sicex
1022 2440 1075 2484 vet.
1084 2433 1157 2484 libris
1166 2437 1247 2500 scrip·

159 2521 209 2574 qne
220 2521 321 2557 csussrn
339 2507 479 2558 (lieentbes
495 2506 581 2572 effert,
594 2523 641 2558 eur
657 2523 685 2562 se
722 2505 760 2568 εἰς
778 2506 806 2556 in
825 2508 976 2571 quibusdem
993 2508 1068 2560 codd.
1086 2512 1249 2574 retudisse,

159 2578 198 2632 sol
220 2581 329 2644 referet,
349 2597 397 2631 nec
418 2582 515 2646 longius
537 2584 686 2648 progredier·
722 2581 817 2632 sulm.
851 2583 921 2634 Hinc
940 2585 1065 2634 Marullus
1082 2587 1173 2637 esum
1189 2601 1248 2652 pto·

160 2664 203 2709 tur
213 2657 345 2707 solstitiali
354 2657 425 2719 orbe,
439 2655 552 2722 itemque
570 2657 686 2722 brumali,
723 2657 806 2722 cudit,
822 2665 852 2708 ut
867 2667 895 2708 et
913 2659 981 2722 vulg.
999 2660 1084 2721 uuus.
1118 2661 1170 2713 Alii
1190 2663 1249 2716 libri

158 2749 191 2784 ne
201 2735 303 2798 longius
314 2732 433 2783 discedet
442 2748 458 2782 s
468 2733 549 2784 cibol’
583 2737 625 2784 Sic
637 2736 687 2786 bii·
722 2735 818 2784 babent
828 2735 919 2784 estimo
934 2734 996 2796 eall,
1009 2737 1077 2801 quod
1090 2738 1248 2802 interpretor

161 2811 252 2862 nucius
265 2811 292 2859 in
303 2809 366 2860 Oct.
382 2809 429 2860 sub
441 2825 551 2874 persons
563 2811 686 2862 Octauii:
724 2811 833 2862 extimus
844 2812 943 2875 parteis
959 2815 1027 2878 cerii,
1041 2815 1084 2864 eiii
1095 2817 1180 2866 ultim
1190 2817 1252 2877 coll.

161 2889 299 2960 filontinm
320 2886 391 2936 dulci
409 2901 476 2952 sque
493 2889 603 2938 murisre
614 2903 688 2940 mun·
725 2894 752 2937 et
768 2888 806 2938 ite
821 2886 873 2952 legi
894 2889 999 2940 solebat
1015 2889 1079 2942 Adr.
1098 2893 1249 2942 Turnebusr

161 2965 224 3014 dnm
241 2963 351 3014 nutriri:
371 2963 396 3012 iu
411 2963 688 3029 uimignisebitnrum,
725 2963 767 3013 cui
794 2965 927 3014 ssseutior.
960 2965 1044 3016 iasub.
1092 2967 1153 3016 Sive
1185 2967 1251 3016 illli-

159 3041 256 3092 Stoicis
280 3047 402 3090 constans
428 3041 517 3110 opinio
544 3048 593 3104 est,
618 3040 687 3107 quod
724 3053 773 3100 ns,
796 3040 851 3090 sire
869 3040 969 3090 Eutime
984 3041 1066 3104 leges,
1082 3039 1190 3102 perinde
1201 3051 1251 3092 est.

160 3124 296 3168 consumto
305 3117 411 3166 bumore
422 3116 529 3166 mundus
548 3117 591 3167 bic
608 3118 688 3168 omnis
726 3115 823 3168 Crescit.

160 3193 296 3260 ignescas:
315 3201 343 3242 et
357 3192 489 3257 Epicureis
500 3191 533 3241 de
549 3193 689 3242 elemento·
757 3194 804 3240 uol
828 3190 889 3240 um
908 3189 996 3254 ffnoil
1019 3188 1145 3252 lumidus
1162 3189 1250 3254 ἐμοῦ]

162 3286 219 3320 rum
241 3269 442 3336 conflagratione
461 3278 489 3320 et
507 3269 595 3320 muudi
618 3271 690 3320 ruine
727 3267 983 3332 immorientis,
993 3269 1009 3320 i.
1020 3283 1042 3319 e.
1051 3269 1195 3320 exstinctus
1205 3278 1253 3320 cst.

161 3345 254 3398 eudem
264 3346 321 3409 ipss
331 3343 529 3394 senteutioest!
548 3344 630 3394 bousb.
725 3341 776 3396 fuit
792 3345 870 3396 etism
885 3345 941 3394 lues
953 3345 1027 3396 sslde
1037 3345 1254 3410 pinguis‚stolids

195 3415 244 3473 dtu
261 3421 365 3484 Mogses
377 3421 461 3484 orsos]
471 3419 610 3472 Stellarum
620 3420 688 3484 peri·
726 3429 805 3484 utque
833 3421 906 3470 sullis
930 3421 1037 3485 Epicuri
1062 3421 1159 3486 opinio,
1183 3429 1255 3474 sstrs

161 3485 235 3560 odos,
246 3505 274 3547 et
282 3497 396 3557 Summi,
406 3495 642 3562 munitionisque
650 3511 690 3548 re·
726 3497 968 3560 orientissmendi3
986 3497 1143 3561 occidentis,
1157 3499 1253 3550 esstiu·

162 3573 309 3624 solutiones
321 3571 452 3636 respicere
463 3571 575 3622 videtur.
592 3573 689 3626 cresci.
717 3577 784 3639 iguis
803 3589 878 3641 quam
889 3581 915 3624 et
926 3574 1078 3626 cleomedes
1088 3574 1154 3626 iibtu
1164 3590 1255 3626 secuu-

163 3637 248 3701 Lissos
270 3665 317 3715 pro
342 3649 470 3713 quibusvis
494 3664 545 3702 non
566 3652 690 3714 temporis
727 3652 761 3706 do
772 3659 955 3706 commemoret
963 3666 993 3702 sc
1002 3650 1098 3702 refellit
1106 3653 1145 3701 bis
1153 3653 1254 3704 verbis:

165 3735 267 3775 tentum
281 3717 404 3788 periodis',
415 3723 460 3772 sed
476 3731 504 3774 et
519 3725 596 3788 spatii
608 3726 691 3776 circu·
728 3729 811 3788 liniret
823 3731 878 3795 πρὸς
890 3729 964 3780 draus
973 3731 1023 3780 ruis
1032 3727 1256 3793 simphsudrm·

164 3801 196 3853 iis
208 3803 302 3866 posuit.
333 3801 467 3864 Similiter,
487 3805 509 3852 l.
526 3806 584 3852 ulu.
602 3804 691 3856 ‘Quin
727 3805 803 3858 τόνοις
814 3805 886 3870 οὖσιν,
897 3805 1255 3868 btsulrddorpodrsofiuurm

163 3873 243 3930 elisur
255 3877 410 3928 multissolis
422 3877 587 3928 redeuntibus
599 3881 691 3932 unuis.'
728 3881 890 3936 berosum
898 3879 950 3944 pir,
958 3878 1104 3942 ltdrrmlss·
1114 3879 1211 3940 surm
1221 3879 1255 3940 tt,

164 3964 196 4004 et
215 3971 253 4004 rs.
271 3959 344 4004 1⁰28.
361 3955 414 4004 ‘Et
427 3953 521 4004 mullus
533 3955 611 4004 etism
623 3972 693 4020 meg·
729 3957 875 4016 σβένησθω.
891 3957 947 4021 drop
963 3953 1100 4018 summu
1109 3955 1184 4017 muts,
1194 3957 1225 4006 ds
1235 3957 1260 4006 si

166 4043 213 4082 nus
225 4037 329 4080 servata
339 4043 386 4093 per
395 4027 492 4079 smnus!
508 4030 592 4092 Preig.
729 4051 765 4084 τις
775 4033 899 4098 ορσμὶνσνι
913 4031 957 4093 ptr
971 4031 1107 4095 Μρύιονι,
1123 4029 1168 4097 ζῇν
1178 4030 1255 4095 λέγω.

166 4167 172 4174 1
199 4105 352 4158 muliones
369 4103 443 4168 uides]
462 4103 624 4156 Qttodmuiti
640 4105 694 4170 qui·
730 4108 762 4172 μὴ
783 4106 908 4171 lpupirous
928 4105 963 4168 ii,
980 4105 1143 4165 duossimus.
1165 4108 1204 4160 usi
1219 4109 1257 4160 dri

167 4181 226 4232 dem
245 4189 351 4246 negent,
367 4179 417 4230 etsi
435 4187 538 4230 constet
557 4194 694 4244 numquam
731 4186 778 4234 τᾶν
792 4183 872 4234 mur
890 4179 935 4231 lion
950 4181 1014 4232 isru
1029 4183 1110 4246 doerit,
1125 4183 1167 4234 ris
1180 4184 1259 4246 dusios

167 4255 223 4326 ¹iere
235 4250 421 4322 tempestatem
440 4253 618 4308 fulminentem
629 4255 696 4326 beri,
732 4258 992 4323 murmurmurmur
1009 4259 1029 4310 δ’
1044 4258 1090 4324 ips
1106 4259 1207 4324 mats
1220 4261 1259 4313 sd
