2996 4888
276 381 364 448 1728
644 391 804 441 somma
828 389 1034 440 mansurus

280 543 393 604 toribus
406 542 500 620 poetis
514 559 668 601 accensere
681 559 748 600 cam
759 539 857 612 laude,
867 547 899 598 et
909 535 1043 598 lucretio
1055 552 1207 614 opponere
1215 532 1375 614 possimus,
1483 543 1484 586 3

280 639 414 699 laudatus
441 637 627 708 Broclresius,
662 636 750 713 cujus
784 635 914 695 carmina
947 632 1120 694 suavissima
1155 629 1314 691 vernacula
1342 631 1377 688 de

280 733 427 795 creatoris
441 741 472 793 et
486 753 581 792 rerum
597 743 761 792 creatarum
781 731 958 791 admirandis
971 730 1036 807 jam
1050 729 1155 806 saepius
1169 737 1240 806 post
1255 727 1377 806 primam

281 848 319 889 au
331 835 420 898 1723.
436 829 596 906 llamburgi
607 827 753 906 vulgatam
763 821 920 886 editionem
933 844 1033 885 recusa
1042 832 1170 902 quatuor
1181 820 1378 880 voluminibus

281 927 311 984 ia
327 933 358 987 8.

322 1021 353 1081 Si
380 1021 448 1098 quis
475 1019 589 1080 titulum
613 1019 701 1078 modo
725 1018 870 1088 consulat,
898 1014 984 1076 facile
1005 1022 1092 1092 putet
1119 1010 1258 1072 Lucretio
1292 1009 1377 1068 etiarn
1483 975 1484 1038 l

283 1117 452 1196 oppositum
466 1136 531 1175 esse
545 1115 650 1174 librum
666 1112 785 1190 Belgica
807 1129 895 1190 prosa
916 1114 1006 1168 Amat.
1027 1117 1112 1178 1710.
1136 1115 1164 1168 8.
1186 1107 1225 1166 ab
1250 1102 1378 1176 ilenrico
1483 1127 1484 1130 ¹

283 1212 479 1292 Wyermarsio
505 1211 652 1287 vulgatum
684 1210 741 1266 hoc
768 1207 874 1267 titulo:
906 1207 977 1265 ‘De
1011 1203 1179 1283 ingebeelde
1212 1201 1315 1272 cbaos,
1344 1217 1378 1258 en

282 1307 433 1384 gemende
461 1305 552 1362 verels
580 1304 700 1380 rording
727 1301 779 1361 der
805 1300 883 1362 oude
909 1321 945 1360 en
981 1299 1187 1377 hedendaagre
1212 1315 1379 1377 vysgeerern

284 1402 407 1461 rcridelt
420 1423 455 1459 eu
470 1400 607 1477 veerlegt,
630 1397 780 1478 byaoader
796 1395 835 1457 de
858 1396 1005 1473 gevoelens
1026 1395 1088 1454 hier
1108 1405 1238 1454 omtrent
1263 1411 1320 1453 van
1343 1392 1379 1451 T.
1483 1423 1484 1472 3

284 1497 438 1556 Lucretius
464 1497 559 1556 Carus
592 1513 629 1553 en
662 1493 735 1552 Dirlr
769 1493 947 1562 Santvoort,¹
983 1489 1166 1550 betoonende
1200 1489 1255 1549 dat
1289 1486 1381 1548 aede
1483 1529 1484 1536 1

285 1592 455 1671 beginzelen
470 1591 523 1650 der
536 1591 656 1660 Werelt,
671 1588 723 1649 dat
737 1589 773 1659 is,
792 1588 914 1664 vording
937 1607 993 1647 van
1017 1587 1089 1658 Zon,
1109 1587 1210 1657 Maon,
1234 1583 1382 1646 Aardlrlot

285 1707 341 1748 ena
353 1679 471 1767 volgens
484 1688 534 1746 hin
544 1705 638 1764 eygen
652 1684 784 1764 gronden
799 1685 859 1746 niet
872 1683 1104 1763 vel-aageleyden
1122 1684 1238 1760 betrogt
1253 1680 1380 1740 hebben·
1483 1683 1484 1702 ¹

287 1785 374 1844 bleut
385 1804 440 1844 een
455 1783 635 1856 verstandige
649 1780 814 1858 verllariug
826 1798 917 1858 regen
932 1779 1018 1839 Gods
1038 1777 1214 1857 inblyreude
1239 1793 1277 1836 en
1297 1793 1381 1835 orer·

287 1881 400 1960 gaande
425 1877 560 1955 verling!
589 1875 649 1936 Sed
672 1875 724 1954 qui
746 1874 888 1952 scriptum
915 1875 1013 1954 ipsum
1040 1874 1221 1944 evolverunt,
1245 1870 1381 1950 putidum

286 1977 422 2054 Spinosss
435 1973 585 2041 asseclam,
599 1970 759 2030 derisorem
774 1987 917 2030 sacrarum
932 1971 1079 2029 literamm
1095 1969 1226 2046 impium,
1241 1977 1272 2028 et
1285 1967 1382 2046 religi·

286 2073 349 2132 onis
361 2079 570 2130 contemtorem
584 2067 720 2126 Lucretio
733 2067 800 2144 ipso
811 2065 887 2125 baud
900 2064 1047 2125 meliorem
1060 2065 1109 2123 illo
1117 2064 1203 2144 prodi
1212 2065 1382 2124 observant.

228 2231 232 2236 .
329 2163 550 2224 ‘Substantiam
566 2172 597 2222 et
609 2180 719 2240 corpus
733 2181 816 2238 aeque
832 2163 890 2220 late
905 2171 1013 2239 patere,
1039 2179 1125 2220 omne
1147 2161 1299 2220 extensum
1321 2177 1382 2219 esse

287 2277 472 2338 corporeum,
497 2263 577 2333 (cnm
599 2277 652 2316 stro
671 2254 865 2327 consectario,
890 2257 1014 2334 Spiritus
1037 2275 1175 2335 nusquam
1198 2257 1288 2329 esse,)
1311 2253 1381 2314 nibil
1483 2333 1484 2336 Ἴ

286 2354 349 2416 lieri
364 2376 450 2433 posse
465 2355 519 2412 nisi
537 2373 571 2412 ex
590 2351 761 2431 praejacenti
784 2353 921 2424 materia;
947 2353 1003 2423 vel,
1026 2352 1107 2430 quod
1126 2351 1204 2412 idem
1229 2363 1286 2423 est,
1310 2351 1381 2410 nibil

281 2469 374 2530 posse
386 2452 490 2512 creari.
532 2450 629 2510 Omne
642 2469 751 2527 corpus
766 2459 877 2508 motum
892 2450 929 2508 ab
944 2450 999 2509 alio
1014 2469 1136 2527 corpore
1150 2449 1269 2508 moveri.
1310 2449 1382 2508 Om-

287 2550 336 2609 nia
350 2549 450 2608 muudi
474 2547 666 2625 phaenomena
686 2547 846 2606 rationibus
860 2565 930 2623 pure
944 2545 1119 2605 mechanicis
1132 2565 1217 2624 posse
1231 2543 1382 2622 explicari.

287 2643 502 2703 cohaerentiam
516 2662 670 2720 corporum
685 2653 848 2702 atomorum
865 2643 1044 2701 hamstarum
1061 2642 1165 2700 unione
1182 2641 1336 2712 contineri,
1354 2649 1382 2701 et

286 2737 317 2798 id
332 2759 423 2816 genus
437 2738 493 2796 alia
515 2737 575 2798 fere
597 2736 720 2808 infinita,
741 2738 903 2816 praesertim
925 2736 1005 2816 apud
1030 2737 1191 2796 Democriti
1211 2748 1243 2796 et
1262 2737 1384 2816 Epicuri

287 2843 456 2903 sectatores,
483 2834 564 2912 apud
587 2836 753 2895 Lucretium
776 2857 836 2914 pree
864 2838 988 2896 ceteris:
1011 2857 1096 2915 quern
1125 2856 1193 2897 cunr
1220 2837 1383 2898 admodum

287 2931 456 2992 adolescens
484 2931 657 3001 evolverem,
685 2933 827 3011 putabam
853 2933 989 3011 prolecto
1016 2932 1147 3005 subinde,
1177 2952 1224 2992 me
1252 2941 1383 3013 satyrum

288 3027 456 3108 quempiam
472 3026 622 3086 nimiumve
636 3047 734 3087 senem
750 3049 766 3089 e
781 3029 893 3108 sylphis
907 3029 1160 3109 philosophantem
1178 3028 1292 3100 audire,
1309 3029 1384 3090 adeo
1483 3025 1484 3030 ’

286 3124 383 3186 omnia
397 3145 433 3184 ex
444 3124 506 3182 solo
517 3143 603 3183 sensu
617 3135 735 3184 externo
749 3143 905 3204 crassaque
923 3126 1129 3206 imaginatione
1144 3124 1382 3186 deducebantur.
1483 3187 1484 3200 χ

288 3219 379 3288 Quod
394 3239 483 3298 genus
492 3219 681 3298 philosophos
695 3221 886 3279 innumerose
901 3221 996 3280 lustris
1008 3220 1139 3299 locisque
1154 3219 1278 3280 desertis
1289 3220 1384 3281 credi·

288 3313 346 3372 bile
364 3323 410 3372 cst
425 3313 600 3390 jamdudum
622 3313 808 3374 confluituros
828 3315 929 3386 luisse,
951 3315 977 3376 si
1000 3315 1080 3376 Deus
1100 3335 1136 3374 ac
1157 3317 1271 3376 Natura
1294 3317 1383 3376 brutis

287 3407 458 3468 animalibus
471 3408 610 3487 loquendi
630 3409 835 3486 scribendique
856 3409 1026 3470 facultatem
1048 3409 1271 3472 concessissent
1315 3415 1383 3492 lpsa

287 3505 364 3566 enim
379 3503 464 3563 lacile
476 3504 638 3582 potuissent
647 3505 773 3584 prolixas
783 3525 946 3566 crassatum
957 3507 1193 3586 imaginationum
1205 3521 1383 3572 concatena-

287 3599 392 3672 tiones,
406 3599 464 3658 sire
478 3600 607 3660 carmine
619 3600 783 3660 siresoluta
793 3600 935 3671 oratioue,
947 3611 1045 3662 ornate
1058 3611 1088 3662 et
1102 3603 1221 3681 copiose
1235 3603 1383 3668 deducere

287 3705 318 3756 et
332 3713 474 3755 enarrare.
516 3696 582 3755 Hoc
599 3715 665 3756 vero
679 3697 793 3775 proprie
807 3696 1009 3776 philosophari
1022 3718 1079 3758 non
1093 3709 1148 3772 est,
1163 3699 1215 3760 sed
1228 3703 1383 3762 materialia

287 3794 449 3872 α1σθήμιιια
464 3777 713 3871 eet‘pavrtapara
727 3793 807 3853 inani
821 3813 911 3872 opera
935 3797 1105 3856 recensere!
1142 3797 1216 3856 ilaec
1239 3799 1381 3862 Henricur

288 3888 402 3961 Morus,
444 3887 613 3965 Theologua
650 3897 681 3948 et
715 3890 914 3968 Philosophus
950 3891 1070 3970 Anglus,
1105 3891 1135 3951 in
1173 3893 1381 3957 confutatione

322 4063 331 4089 ¹
350 4061 389 4110 Da
399 4061 540 4110 Santroortii
551 4061 608 4112 libro
619 4065 650 4111 de
668 4066 751 4113 orsaalr
769 4081 815 4114 van
855 4067 1003 4132 losophomm
1014 4069 1077 4119 edita
1088 4069 1238 4129 Germanice,
1255 4071 1324 4122 Parte
1335 4089 1382 4122 ru.

287 4121 481 4198 debenegingen
498 4127 529 4174 de
548 4125 673 4192 Beginsein
693 4129 734 4176 der
751 4137 816 4178 vaste
854 4148 910 4196 pag.
928 4137 983 4182 121.
994 4148 1029 4198 sq.
1050 4134 1213 4199 Unscholdige
1224 4135 1380 4186 Nacbricbterr

288 4185 412 4260 hcbpmen,
423 4190 487 4237 etde
497 4190 584 4252 scripto
595 4191 744 4255 Wyermsrsii
761 4195 815 4242 ride
854 4213 900 4244 ron
927 4197 1104 4262 theologiae-heu
1129 4200 1221 4248 Sseberr
1239 4215 1280 4250 an.
1310 4205 1378 4252 1717.

287 4246 424 4313 Cbrutopb.
433 4252 533 4314 August.
546 4255 679 4302 Heumanui
687 4257 750 4306 Acta
758 4257 815 4305 Phi·
852 4267 910 4326 pag.
917 4265 972 4312 42⁴·
981 4277 1017 4326 sq.
