2996 4888
213 410 247 455 r.
272 407 454 458 ouonuru
480 409 567 458 cunr
595 410 644 456 ou
670 409 801 459 nunuu
828 411 917 460 uun.
944 412 1016 462 ora.
1041 413 1089 462 vr.
1134 396 1220 464 1653

119 551 175 600 aliis
184 551 381 612 coherere,aiai
390 553 505 616 legamus
514 553 652 612 Ιεεονειννο,
689 559 734 602 ost
744 565 835 602 novam
846 551 971 604 ratiouent
983 552 1069 604 afferri
1087 569 1172 618 posse,
1189 555 1220 605 il-

118 626 143 677 b.
155 641 177 678 e.
194 625 227 675 ad
239 642 375 690 summum,
386 626 453 680 duas.
471 630 511 678 vel
528 631 553 679 is
564 644 652 679 ενοιοιο
689 627 733 676 lud
745 627 801 678 dent
810 627 965 678 admittatur
976 643 1081 679 neeesse
1092 635 1142 679 eat.
1160 629 1220 678 Fab.

118 703 367 766 interpretantium
379 718 477 752 summo
489 710 584 752 monte.
602 703 652 752 Vel
689 701 752 765 Alii,
771 703 802 752 la
817 717 905 752 casamo
914 708 970 752 aaut
981 704 1067 753 vertam
1077 703 1135 754 itera
1143 710 1221 754 nats·

120 777 249 838 dieamus,
261 779 307 828 laos
319 777 384 828 duos
397 793 485 828 uersus
498 779 582 828 alieuo
594 777 652 828 loco
687 792 734 828 res.
762 779 840 828 Prior
849 779 927 829 lectio
937 779 1089 844 (Veatigeni,
1098 778 1153 844 tre.)
1164 781 1219 843 pla·

118 870 174 906 esse
195 857 301 918 positos.
330 856 411 905 Luni.
444 856 488 905 Ita
506 853 652 921 (antigoni)
688 855 1219 920 eet,qnippsdoobuabiseerersibusds·

119 945 154 979 ex
174 931 329 995 quibusdum
351 940 402 981 vat.
425 933 491 995 lego,
511 947 568 981 curn
587 930 652 980 Adr.
688 933 809 983 elarator.
843 933 957 982 Ventum
977 947 1027 984 oon
1049 939 1149 984 tautum
1169 948 1218 998 per

116 1008 250 1058 'l'oruebm
275 1007 342 1056 Vide
354 1007 478 1057 lodicem.
505 1006 650 1072 inquibus·
688 1010 825 1072 speluncas
836 1009 869 1058 ad
882 1010 975 1059 montis
993 1010 1093 1059 radiens
1111 1009 1232 1072 ingredi,

117 1081 177 1130 dam
190 1077 243 1132 ret.
255 1084 342 1132 uertice
352 1089 411 1132 erut.
445 1083 583 1144 Marullus,
599 1095 650 1130 oer-
689 1082 734 1132 aetl
746 1084 826 1133 etiam
843 1085 868 1134 in
880 1085 942 1147 ipsis
954 1082 1071 1133 lancibus
1082 1086 1218 1146 generari3

116 1157 163 1206 tire
174 1157 240 1206 itm
273 1158 440 1222 Etitarulg.
459 1158 546 1219 (ἔργον.
567 1158 650 1207 lumb
687 1171 772 1223 neque
789 1159 817 1208 id
835 1159 934 1208 mirum.
955 1173 1011 1208 uum
1030 1161 1093 1208 nihil
1112 1159 1219 1219 certius,

116 1233 368 1295 errantemprtno.
401 1293 403 1296 Ι
688 1235 904 1299 εῃινωνὲεοιιεοε
923 1235 990 1284 onmi
1011 1243 1085 1298 parte
1102 1233 1217 1285 addam·

155 1308 283 1370 Ventigeai
294 1309 417 1372 Crederes]
435 1310 556 1359 crateres
565 1309 649 1358 AEtuoe
687 1325 754 1360 mam
767 1325 851 1372 ruere,
868 1317 944 1374 atque
955 1310 1013 1358 inde
1025 1316 1127 1362 uentum
1140 1323 1218 1374 geue·

117 1385 156 1434 ita
174 1385 299 1434 dicuutur
317 1384 385 1449 qnod
407 1399 453 1447 per
472 1387 601 1436 eosventi
616 1399 649 1434 ex
686 1401 753 1437 rare.
781 1387 878 1437 Crescit.
911 1386 1024 1436 Turnebi
1045 1393 1117 1447 nota,
1138 1399 1217 1451 qnam

117 1459 260 1510 visceribus
279 1460 373 1510 montis
392 1458 448 1510 sere
469 1475 573 1524 semper
592 1475 650 1526 pro-
687 1464 806 1514 Lambiu.
819 1465 893 1524 citat,
910 1465 967 1514 lires
979 1470 1035 1514 est:
1054 1465 1122 1512 ‘Eat
1140 1469 1168 1512 et
1189 1463 1219 1511 il·

117 1543 259 1600 rumpant:
278 1550 330 1600 qun
341 1536 374 1586 de
385 1551 412 1586 re
425 1551 500 1586 nemo
509 1537 649 1600 dubitabit,
687 1540 730 1589 lnd
739 1539 854 1603 spurium
866 1541 1054 1588 Iasamnosant
1063 1540 1218 1588 omiceiieoa

116 1614 139 1663 si
150 1627 202 1676 qna
212 1611 336 1662 Straboni
348 1611 421 1662 fides.
445 1611 473 1661 la
484 1611 510 1660 iu
521 1611 565 1661 lib.
576 1616 602 1662 o.
613 1613 650 1662 sie
686 1620 802 1666 mama:
820 1615 910 1678 quidni
928 1615 996 1664 enim
1009 1615 1113 1664 nothum
1125 1614 1216 1678 appel.

115 1687 226 1740 scribit:
240 1687 304 1736 odra
314 1687 480 1752 ρὲρνροσεεὸν
490 1685 548 1737 εἶναι
558 1687 601 1738 rdr
609 1687 651 1737 τό·
686 1691 746 1750 lem,
757 1691 825 1755 qnod
836 1691 858 1740 ni
870 1705 920 1740 uon
932 1691 1065 1754 pellicatu,
1074 1697 1147 1739 certe
1155 1703 1217 1753 sup·

113 1782 170 1825 εον,
181 1763 230 1812 οὔθ’
241 1761 333 1828 ὁρατόν.
344 1761 450 1826 Hellen
459 1781 488 1813 τε
497 1762 556 1824 μηδὲ
565 1765 650 1826 norad-
688 1767 814 1830 positione
825 1772 911 1815 tamen
928 1766 1058 1828 subrepsit
1079 1766 1104 1813 in
1121 1764 1216 1814 libero·

116 1839 226 1902 pretini
236 1857 259 1888 n
276 1837 386 1888 dimum
397 1839 483 1900 ἐκεῖσε,
499 1837 544 1886 iri
558 1841 601 1897 εῆε
611 1839 650 1887 dr·
688 1855 742 1890 rum
755 1842 856 1890 locum?
872 1856 921 1904 ego
932 1856 990 1892 cunr
1003 1842 1131 1904 reperiam
1143 1841 1217 1889 terti·

59 1918 62 1922 ’
114 1914 219 1964 rmolas
234 1917 283 1963 raia
298 1915 325 1963 ir
337 1913 423 1972 βάθους
439 1912 536 1976 ἀνίμων,
551 1914 590 1963 sal
605 1916 650 1972 rins
684 1919 752 1980 geni,
767 1925 795 1967 et
806 1918 946 1981 intelligam
963 1933 978 1966 o
997 1918 1153 1966 elementum
1165 1931 1213 1965 sa·-

115 1991 268 2055 θερμότητος,
282 1991 312 2049 br
326 1994 474 2056 εροοεοηᾷν
485 1993 585 2053 εὔλογον
594 1991 649 2055 rip·
687 2005 827 2056 peuomero
848 1993 873 2042 iu
891 1993 961 2042 libris
972 1992 1075 2054 seriptis
1087 2004 1227 2054 occupare·

115 2070 197 2132 Μεν,
214 2069 268 2130 πρὶν
284 2068 300 2128 ἡ
314 2071 352 2132 nd
370 2067 459 2130 στομίῳ
475 2069 519 2116 τοῦ
538 2070 650 2131 εροτῆροε
685 2069 773 2118 sedem
793 2070 877 2118 litere
896 2067 1051 2129 securigeri
1077 2066 1214 2130 legendum

114 2142 286 2208 προοιεΜοοε·
305 2143 325 2194 el
338 2143 364 2192 tt
380 2144 553 2206 κοτορῥιφθοίη,
569 2142 650 2206 φθάνον
686 2143 819 2207 suspicor:
837 2144 938 2207 hocque
951 2142 1075 2201 adducor,
1087 2142 1147 2206 quia
1158 2139 1226 2190 ten-2

115 2223 144 2271 ον
165 2219 290 2283 oausam
310 2219 364 2283 spir
384 2219 547 2282 ἂνορρεφθῆνοε
569 2218 650 2279 πόλιν,
686 2233 729 2268 ces
748 2219 805 2267 illas
821 2216 906 2266 AEtuae
927 2226 1001 2266 certo
1020 2216 1074 2264 seio
1093 2231 1167 2264 auras
1186 2224 1216 2268 et

114 2297 196 2346 ὁποῖον
214 2294 352 2360 παρελήφθη
368 2295 488 2358 πρότερον.
507 2294 536 2343 ri
551 2293 595 2355 pis
609 2293 650 2343 οὖν
686 2302 777 2344 ventus
788 2291 938 2343 effunderet
950 2300 978 2341 et
990 2291 1074 2354 po'e'lte
1084 2293 1148 2338 atria
1158 2304 1216 2354 spe·

115 2370 231 2422 ἐκλείπειν
244 2370 303 2422 rori
317 2372 349 2421 τὸ
363 2370 485 2432 πνεύμονα
501 2370 541 2420 sai
554 2370 583 2419 ri
594 2371 649 2434 πῦρ,
687 2370 766 2418 innuis
785 2375 876 2418 ventos
893 2368 1005 2418 inclusor
1023 2366 1137 2430 tingunt:
1155 2367 1229 2430 quia⁴

115 2446 269 2507 immodum
281 2446 339 2497 ml
355 2450 400 2506 τῆς
417 2447 483 2507 ὕλην,
497 2449 539 2497 οὐκ
549 2447 648 2509 ἄλογον·
685 2446 842 2495 iudaeorum
850 2444 1216 2506 materisemanat,quamous

115 2525 200 2585 οὐρὴν
217 2524 255 2573 ἐπὶ
272 2522 385 2574 τοσοῦτόν
404 2541 444 2586 γε,
462 2523 519 2572 ὅντ’
537 2523 589 2574 dni
606 2525 650 2582 τῆς
686 2521 764 2570 AEtua
775 2522 910 2580 exuberat,
930 2519 989 2582 igne
1000 2533 1077 2567 senas
1088 2519 1216 2581 sulphuris

114 2600 412 2663 τοοοννηεβίοε,ἐρνετὸν
422 2599 659 2663 utem-,oleta
686 2604 714 2647 et
731 2597 860 2646 bituminis
880 2596 905 2644 ln
922 2594 1018 2644 firmum
1030 2594 1164 2643 animalem
1176 2600 1216 2643 ts-

112 2681 155 2732 ὼ
164 2679 324 2742 ,ψωμόν
349 2679 649 2729 ‘Etentmtocumittum
687 2678 783 2721 ouante
804 2676 882 2735 atque
910 2675 1033 2719 mutante.
1067 2670 1217 2730 Suspicatus

117 2774 201 2824 oeque
226 2758 292 2807 adiri
315 2770 401 2820 posse,
422 2769 505 2820 neque
523 2755 649 2818 conspici.
687 2755 715 2796 et
734 2746 875 2811 aliquando
896 2760 951 2794 snm
972 2746 1060 2794 rsrtr'ee
1080 2744 1142 2793 mira
1163 2745 1215 2807 legi

114 2835 340 2898 EteonJeetnram
360 2847 388 2880 ae
408 2831 504 2892 faeere,
524 2845 556 2879 ua
575 2830 648 2894 injici
687 2837 737 2872 uon
749 2820 1006 2886 inconcinneposse.'
1038 2819 1215 2869 HoeeTuroe-

114 2909 219 2974 quidem
230 2922 305 2972 posse
314 2921 346 2956 eo
355 2906 503 2971 quidquam,
512 2906 546 2957 ob
557 2907 648 2956 adver.
686 2899 742 2959 bus,
761 2899 834 2962 ouJ'os
851 2897 981 2961 posterior
991 2898 1144 2960 conjectura
1155 2897 1228 2945 milti·

113 3000 169 3035 sum
181 2991 318 3034 ventorum
330 2997 361 3030 ex
378 2981 508 3044 profundo
518 2979 607 3032 daturo
618 2988 648 3032 at
686 2973 849 3038 preferenda
866 2974 967 3023 videtur
986 2973 1076 3035 priori,
1095 2987 1127 3021 eo
1146 2971 1215 3037 qnod

113 3064 245 3121 calorem,
271 3074 356 3124 quem,
380 3067 580 3109 cousentaneum
604 3056 648 3120 sit,
685 3052 711 3100 iu
729 3049 844 3113 vestigiis
860 3049 926 3098 Mas.
942 3055 1076 3110 appareat,
1087 3052 1114 3094 et
1125 3059 1215 3094 sensns

114 3137 205 3200 procul
213 3148 360 3197 occurrere,
367 3143 503 3198 autequam
511 3133 543 3181 sd
551 3145 580 3182 os
587 3133 648 3182 Cra·
685 3127 812 3190 postulem
822 3137 878 3172 unm
889 3123 1008 3182 autnon,
1016 3119 1084 3185 qnod
1093 3120 1119 3169 iu
1129 3119 1213 3181 bugd.

114 3214 180 3263 teris
200 3211 430 3275 adpropinquetur.
462 3207 538 3260 Quod
550 3208 572 3257 si
584 3207 647 3272 quid
684 3203 746 3250 Bat.
756 3208 807 3261 eat,
823 3205 910 3246 natum
921 3204 960 3246 ert
972 3211 1004 3245 οι
1017 3195 1103 3245 aarum
1113 3209 1155 3252 ms·
1167 3210 1214 3259 9¹⁰

113 3297 201 3340 tanuen
213 3287 317 3337 omuino
328 3286 487 3350 injiceretur,
495 3284 577 3333 multo
586 3291 647 3332 ants
684 3291 736 3342 quo
747 3276 888 3338 conjuncte
900 3273 971 3336 prius
981 3270 1068 3321 fuerat
1085 3271 1214 3334 seriptum

113 3365 172 3430 ejus
184 3364 294 3414 formam
307 3369 457 3424 corruptum
475 3359 518 3421 iri,
528 3374 581 3423 qna
591 3363 647 3407 ent
684 3350 843 3410 urtieeeaina,
863 3349 998 3397 literarum
1019 3360 1081 3396 uero
1100 3362 1113 3395 s
1130 3348 1215 3396 altera

111 3443 247 3505 injectum,
257 3453 334 3502 quam
346 3437 429 3500 ipsum
442 3449 528 3484 rursus
539 3435 647 3497 ejicere·
684 3433 792 3491 propter
802 3437 956 3475 coneursum
971 3423 1090 3472 similium
1107 3423 1177 3472 inter
1186 3437 1215 3472 se

113 3523 167 3566 tur.
200 3516 322 3564 Ceterum
343 3526 396 3560 nou
420 3509 558 3558 absurdum
580 3522 647 3566 asse,
685 3506 805 3569 neglecta
826 3503 928 3567 peperit
947 3502 1085 3552 lectionem
1105 3500 1216 3549 uerticem

112 3589 254 3640 deficiente
264 3587 401 3652 aliqnando
413 3586 530 3644 materia,
540 3583 647 3648 spiritus
684 3588 712 3632 et
722 3583 809 3632 sertin
818 3581 885 3639 tren,
905 3593 962 3643 qnae
982 3577 1043 3627 inde
1053 3578 1085 3626 ab
1098 3576 1155 3625 aliis
1167 3573 1217 3624 ior·

113 3679 217 3730 quoqne
230 3674 258 3713 et
271 3663 355 3727 ignem
367 3660 523 3725 aliquamdiu
535 3671 646 3708 cessare.
685 3664 755 3707 mata
764 3654 823 3705 fnit.
853 3657 891 3704 At
902 3667 992 3703 sensns
1002 3652 1116 3702 Lucretii
1128 3655 1216 3713 posto·

115 3743 152 3792 At
172 3755 229 3792 eam
249 3739 464 3790 intermissionem
485 3743 583 3786 tautam
596 3749 646 3784 non
685 3735 723 3782 lat
740 3731 915 3794 sortiremini,
932 3728 1000 3794 quod
1019 3729 1056 3777 ita
1074 3725 1215 3782 eontirmo;

113 3831 171 3868 esse
187 3817 226 3865 uti
245 3824 336 3864 eontra
351 3815 428 3863 iatam
439 3813 489 3860 uim
501 3812 647 3862 mortalium
686 3809 717 3858 lu
729 3808 905 3874 superioribus
919 3806 967 3854 uim
978 3802 1087 3852 furentis
1096 3800 1161 3850 alitis
1171 3800 1216 3847 da·

114 3887 560 3957 aliquiapropinsaeeederequent.’
578 3889 648 3940 Qua·
685 3883 799 3946 arripuit,
808 3884 850 3947 qni
859 3879 961 3941 fraudat,
970 3877 1082 3938 differat,
1091 3884 1119 3925 et
1127 3882 1217 3961 eaten-

114 3985 143 4018 re
156 3965 402 4029 leutiovulgata,1s
419 3977 508 4012 ummo
524 3968 580 4012 suat
598 3977 648 4011 oer-
685 3955 1216 4019 datignem,t'nrillam,atqueraxamtran.

113 4046 159 4094 tice
169 4045 228 4092 itera
238 4046 349 4102 molnes,
369 4039 430 4088 milri
449 4052 499 4086 non
517 4038 647 4100 displicet,
686 4033 712 4082 di
725 4031 855 4096 portuosis,
864 4044 922 4095 qum
931 4027 1036 4092 ejectari
1047 4039 1096 4074 uou
1108 4030 1217 4088 possunt

113 4119 181 4184 qnod
205 4115 270 4166 illud
291 4113 487 4165 Lambiuiaunm
507 4111 538 4161 la
558 4125 648 4160 summu
685 4099 1217 4170 uisiperfaoeessivecrateras;nimita-

115 4195 175 4244 milri
188 4194 236 4243 boo
248 4192 305 4242 loeo
316 4189 384 4239 band
404 4187 538 4252 probetur.
572 4185 648 4234 Cium·
686 4197 736 4248 que
748 4188 828 4245 auget
837 4182 859 4230 si
871 4181 897 4229 in
906 4191 1004 4227 sommo
1014 4176 1107 4224 montis
1119 4175 1216 4225 terties

115 4287 166 4339 que
179 4283 244 4336 opus
255 4269 341 4333 aliquo
354 4265 434 4316 serbo
445 4263 489 4328 sit,
503 4262 570 4328 quod
582 4260 648 4315 iudi·
687 4265 801 4311 craterea
813 4257 856 4307 isti
868 4255 930 4317 aiot,
938 4266 1056 4318 perquor
1067 4251 1152 4302 omnia
1160 4251 1217 4302 beo
