3006 4880
254 394 289 444 r.
317 395 494 446 nuonnrrr
515 397 604 448 caut
630 399 838 452 nanauoar
857 402 945 452 rtur.
970 405 1042 454 nra.
1066 407 1099 454 v.
1147 391 1235 460 toto

141 531 400 586 omniom'bomionin
411 536 550 588 maximnm
561 553 633 590 naun
646 541 672 590 itu
710 541 809 608 tallige,
825 545 887 611 ‘qul
898 561 914 596 e
925 546 1105 598 chaldeorum
1117 548 1233 615 civitate,

146 610 288 675 aatrologia
310 611 446 661 Chaldaeos
470 613 573 675 habere,
593 617 672 678 pluri·
708 619 764 668 aive
777 622 880 671 natione
893 635 1041 686 progroaaus
1052 624 1078 673 in
1089 623 1186 688 Atiam,
1197 628 1233 678 ibi

144 699 263 750 mumque
275 689 356 737 studii
373 696 452 752 atque
468 704 554 752 operm
570 691 596 739 iu
606 692 672 744 huno
705 697 869 762 disciplinam
878 701 1042 752 Chaldaicam
1052 702 1232 768 patefecit,’ut

145 765 319 828 coguitionem
332 765 493 816 contuitione!
510 775 540 816 et
554 767 593 817 Μ.
604 769 673 817 Tull.
710 773 1043 827 aitl'itrurins.virdoctua
1052 779 1234 846 qrridam,(Be·

145 845 168 890 t.
179 841 212 890 da
227 841 316 890 Dirin.
331 841 339 870 ⁶
353 841 468 892 Chaldaei
484 843 511 890 in
527 843 602 906 Syria
611 857 671 908 cog·
709 849 862 916 rotlandus)
871 853 897 901 iu
915 865 997 917 marg.
1009 854 1066 904 eod.
1084 857 1175 905 noatrl.
1186 858 1233 907 Vi·

143 917 242 966 uitione
263 927 400 978 astrorum,
415 918 583 981 sollertiaque
602 920 672 984 iuge·
710 929 1233 994 trur.tl.t.‘Berorns‚quiaCbaldreoruul

144 993 242 1042 olorum
256 993 480 1044 antecellueruut!
513 993 671 1058 Babylonios
708 1005 815 1056 eivitate
836 1010 890 1057 siro
907 1009 1011 1058 natione
1032 1023 1185 1072 progressos
1207 1012 1233 1061 lu

142 1082 245 1134 qnoque
254 1071 393 1120 multorum
409 1085 534 1122 annorum
551 1073 671 1124 observa·
708 1079 771 1130 Aaia
781 1083 859 1132 etiam
879 1084 1036 1148 disciplinam
1049 1085 1185 1150 patefecit,
1196 1087 1234 1139 ita

144 1149 229 1197 tionea
247 1147 361 1197 aidernru
379 1151 518 1200 cortilibua
536 1151 670 1201 latereulis
707 1164 749 1206 eat
760 1157 902 1221 profereus,
915 1161 991 1222 pilatu
1003 1175 1060 1210 ease
1078 1175 1109 1209 ex
1125 1161 1233 1213 dimidia

144 1224 285 1288 inscriptas
294 1224 416 1274 babuisae
426 1223 508 1276 refert
518 1226 586 1276 Plio.
595 1230 619 1276 7.
629 1230 670 1276 oo.
707 1240 782 1293 parte
794 1233 956 1298 candentem,
966 1236 1065 1300 reliqua
1077 1237 1170 1287 trabere
1182 1251 1233 1289 ro·

143 1301 240 1363 Iollas,
258 1301 335 1349 homo
352 1301 468 1352 acumine
491 1301 588 1367 ingenii
606 1317 670 1366 prta·
707 1309 881 1362 intepentem,
901 1313 966 1362 cnm
978 1319 1063 1362 nutem
1075 1327 1178 1362 cursum
1189 1314 1232 1365 iti.

143 1383 214 1426 rtans
225 1376 337 1437 scilieet,
349 1377 485 1442 legendum
497 1385 587 1429 censet
599 1379 671 1428 ctat
707 1385 775 1432 nerle
785 1385 823 1434 sui
835 1401 946 1450 pergens
957 1387 1056 1437 subiret
1064 1387 1152 1438 orbem
1161 1391 1232 1454 eolis}

140 1453 227 1509 deu,
235 1467 284 1518 pro
292 1453 466 1516 Chaldaeorum,
474 1460 669 1516 non,ntou1uaa
707 1465 770 1510 tuno
790 1475 847 1510 eam
870 1463 949 1513 radiis
972 1469 1000 1513 et
1018 1464 1117 1528 impetn
1136 1466 1232 1516 oalorli

140 1527 239 1578 habant
257 1528 327 1590 libri,
345 1529 491 1578 Cboldaeom·
510 1529 584 1596 qonai
606 1545 668 1580 rem
705 1536 802 1599 oorripi
811 1541 978 1604 convertique
987 1540 1233 1608 oaudanlamprop·

140 1603 318 1656 ‘Chaldream'
332 1617 382 1654 non
400 1605 435 1654 ait
446 1606 543 1656 usitate
553 1607 666 1670 positum
704 1617 747 1661 ter
765 1613 821 1676 ejus
840 1615 1013 1678 proprietatea
1025 1616 1128 1666 luminis
1142 1617 1176 1667 ad
1193 1620 1232 1668 ln·

140 1695 189 1743 pro
198 1681 364 1730 Chaldaicam
374 1697 381 1730 r
394 1679 607 1746 qttrroadmodom
614 1682 668 1732 Ho-
704 1701 773 1740 meu.
794 1690 858 1740 cnm
869 1697 954 1742 autem
964 1708 995 1742 ea
1005 1701 1114 1744 eroeata
1125 1695 1157 1744 ad
1168 1697 1230 1746 solia

141 1765 191 1808 rat.
206 1757 281 1819 dixit,
299 1759 419 1808 ‘Mauris
436 1758 550 1823 jaculis:
564 1760 668 1821 ‘sript
704 1763 782 1814 orbes
800 1767 932 1830 superiora
948 1775 1058 1832 spectet,
1070 1775 1133 1820 tuno
1143 1769 1230 1821 iuferi-

140 1835 184 1886 tiia
194 1835 314 1898 horreis,'
325 1843 351 1884 et
359 1835 435 1888 simil.
446 1835 531 1885 mmo.
548 1833 667 1885 Gifanina
704 1853 774 1888 orem
789 1848 888 1904 partem
900 1843 964 1906 eim,
975 1843 1043 1907 qnod
1055 1843 1167 1894 eaudeua
1178 1859 1230 1896 non

142 1911 299 1966 Glaucen:
315 1909 395 1974 idque
411 1909 462 1960 sibi
476 1910 572 1960 reatina
584 1909 667 1960 rideri
703 1913 747 1976 alt,
757 1924 867 1980 propter
885 1918 951 1968 airis
972 1919 1166 1970 similitudinem
1183 1919 1229 1970 ob-

140 1985 177 2036 ait
195 2001 273 2050 quam
293 1985 439 2049 Cbowoem,
460 1991 489 2035 ut
507 1987 535 2036 in
553 1985 667 2037 editione
703 2005 804 2041 aouram
831 1992 932 2057 rideri‚'
953 1997 1003 2046 &o
1047 1995 1113 2047 Qum
1134 1995 1229 2046 ibidem

141 2059 258 2112 Lombini
269 2060 375 2124 legitur·
400 2060 463 2122 Sed,
474 2073 519 2109 teu
534 2061 668 2110 Cboldoeom
704 2065 761 2117 inae
779 2076 930 2131 aequantur.
962 2067 1002 2118 De
1018 2071 1154 2120 contrariis
1166 2083 1227 2120 roro

140 2138 272 2186 modam
280 2138 459 2198 noirolagoram
468 2136 551 2198 diora,
561 2139 667 2187 aendor·
703 2143 756 2191 illia
766 2144 844 2193 aeolis
861 2151 889 2194 et
905 2145 955 2194 ltoo
973 2145 1030 2210 ipso
1041 2146 1155 2196 Lucretii
1169 2147 1228 2197 loco

140 2214 226 2262 trienna
234 2215 404 2274 astrologorum
415 2213 667 2274 Clnldoeoraos‚idem
703 2217 764 2267 ride
779 2218 899 2269 Isaacom
917 2220 1028 2270 casaub.
1041 2219 1073 2268 ad
1085 2220 1228 2284 proemium

141 2288 218 2348 plane
228 2289 291 2339 erit.
324 2287 417 2352 ltaque
431 2289 491 2353 jure
509 2303 524 2338 a
541 2290 667 2340 anbino
704 2294 828 2357 Diogenis
839 2294 944 2345 hairtii.
962 2297 1030 2346 Hor.

140 2363 167 2412 ln
177 2363 258 2413 tertia
274 2363 392 2414 Lucretii
408 2364 522 2414 editione
532 2367 668 2431 reprelien·
736 2373 785 2418 ⁷2⁸
802 2369 905 2420 Promde
914 2371 990 2434 qaod,
1001 2371 1054 2435 ho]
1066 2371 1106 2419 llo
1118 2369 1187 2432 vide,
1199 2377 1229 2422 ut

140 2451 182 2488 ans
204 2447 248 2490 eat
270 2440 402 2490 Git'anias.
441 2441 539 2490 Verum
559 2445 667 2506 uterque
704 2445 831 2508 Epicurum
849 2446 995 2508 probabilia
1012 2452 1136 2511 sequatur
1151 2446 1229 2496 iubis

140 2515 248 2564 errarit.
281 2513 340 2564 Hor
358 2515 425 2564 enirn
447 2516 504 2566 loco
522 2515 667 2579 politanas·
704 2533 762 2582 quae
781 2535 859 2584 rupra
880 2527 974 2570 terram
993 2521 1142 2586 gignantur,
1165 2521 1230 2571 nibil

140 2599 181 2640 ter
198 2603 248 2654 per
267 2590 470 2654 ‘babylonicam
488 2590 666 2642 chaldaeorum
704 2596 1227 2662 uuumegregieproetereuntaraaffirmst.

139 2664 233 2714 ortem'
245 2665 365 2728 iutelligit
378 2665 513 2716 Cbaldeeoa
522 2666 564 2732 qui
576 2667 668 2718 Berosi
703 2669 787 2721 Lami.
878 2675 882 2684 '

138 2742 305 2805 hypothesim
316 2743 490 2806 sequebantur
497 2749 587 2793 contra
597 2744 666 2794 ‘rni-
733 2745 848 2810 Uterqae]
858 2748 892 2797 Et
900 2747 1015 2798 Cbaldtai
1024 2761 1069 2798 seu
1080 2748 1229 2814 Babylonii,

132 2833 228 2880 narem
239 2818 421 2881 astrologiam!
453 2819 522 2872 Quid
541 2819 576 2869 sit
588 2817 667 2870 docet
703 2828 731 2870 et
743 2821 838 2872 Graeci.
857 2821 943 2873 Faber.

139 2893 296 2944 Plutarchus
306 2897 331 2945 2.
345 2894 379 2944 da
396 2894 437 2944 Pl.
450 2895 519 2945 Phil.
531 2895 611 2946 Lunte
620 2896 665 2946 de·
734 2901 783 2946 llio
800 2899 909 2962 Dmiqoo
919 2905 1075 2963 rarsepaeot,
1084 2899 1139 2962 bu]
1150 2899 1227 2952 Quod

138 2967 239 3020 foetum
252 2969 309 3019 fieri
325 2969 388 3019 aori
403 2969 448 3029 τὴν
463 2971 520 3035 rplr
535 2970 598 3032 ἡμᾶς
617 2973 666 3021 lar·
703 2971 765 3022 item
784 2973 818 3022 de
834 2975 889 3023 aole
907 2977 1022 3025 nonnulli
1038 2977 1230 3038 exiatimarnut,

138 3045 245 3108 orm
254 3046 297 3093 τοῦ
306 3045 427 3110 isvpdrroo
435 3045 526 3110 μέρους,
535 3048 553 3096 i.
564 3045 664 3098 e.‘dnm
703 3055 732 3096 ttt
743 3063 820 3112 supra
831 3049 929 3099 dictum
941 3056 989 3098 eat.
1005 3048 1088 3098 hub.

132 3121 211 3172 aeota
223 3122 339 3172 obvertit
354 3136 411 3172 eam
428 3124 468 3172 sui
485 3129 666 3188 partemque
733 3127 783 3173 7³2
800 3125 874 3186 lupae
894 3125 945 3172 dier
963 3121 1053 3186 priora]
1071 3123 1106 3170 Et
1125 3121 1150 3170 iu
1170 3121 1227 3172 dias

136 3197 220 3260 ignita
241 3213 292 3247 non
308 3198 366 3248 eat!
398 3197 449 3248 Sed
465 3199 665 3249 ‘Obaldoei'hoo
701 3199 825 3262 aingnloa.
842 3198 1139 3260 aioeod.lib.aup.m.
1168 3197 1227 3247 'Iu-

137 3272 193 3322 looo
214 3279 295 3322 aeetae
317 3286 409 3323 nomen
430 3280 479 3336 est,
495 3289 544 3322 uon
562 3275 664 3338 gentisr
702 3273 899 3323 numerabiliter
911 3273 996 3338 priraa
1012 3279 1129 3322 motatur
1146 3272 1172 3322 iu
1183 3271 1228 3323 lao'·

138 3348 209 3412 quod
230 3361 263 3398 ea
286 3349 421 3398 Herodoto
450 3349 556 3412 probari
573 3350 663 3413 posalt.
702 3348 761 3399 rael
778 3348 860 3400 hmh.

138 3423 218 3474 linare
235 3426 321 3474 loeum
340 3425 457 3475 Lucretii
474 3439 524 3474 non
535 3424 665 3476 intellexit
733 3423 881 3488 Aboleaaere]
897 3423 961 3473 Cnm
973 3423 999 3472 iu
1017 3421 1089 3472 libria
1099 3437 1228 3478 manuscr.

138 3499 315 3550 Caraobonna.
347 3499 415 3549 Vide
435 3500 519 3550 Notae
538 3502 608 3550 illius
630 3501 665 3551 ad
701 3500 855 3564 reperissem
867 3499 1157 3564 aoriptumoiorireiqae,
1174 3517 1228 3553 stra·

138 3575 288 3638 proemium
300 3574 435 3639 Diogenis.
445 3575 532 3625 Faber.
550 3575 605 3624 Per
617 3576 666 3625 Ba·
701 3574 802 3637 pirama
815 3589 869 3624 aum
889 3589 934 3625 eoa
950 3572 1027 3625 inisse
1046 3584 1182 3641 corruptor
1192 3579 1226 3629 ab

139 3650 285 3714 bylonicom
296 3650 445 3700 cratonum
461 3650 607 3701 doctrinam
627 3651 665 3700 io·
701 3649 732 3698 iia
743 3649 786 3714 qui
797 3663 830 3699 ex
841 3650 976 3712 maome,
984 3649 1074 3700 aboriri
1084 3649 1226 3702 seciaaentr

138 3727 235 3789 telligit
251 3726 388 3778 Chaldaeos
409 3729 450 3792 qni
471 3728 563 3778 Beroal
585 3727 665 3792 hypo-
701 3723 770 3787 qood
797 3725 948 3775 tantundem
971 3723 1028 3774 iere
1046 3727 1124 3776 ralat.
1140 3727 1229 3776 oboriri

138 3803 224 3852 thesin
237 3809 330 3852 contra
340 3802 472 3866 vulgarem
489 3801 665 3867 Astrologtan
702 3799 806 3864 quidem
817 3801 971 3865 impressum
979 3807 1019 3851 eat
1035 3801 1063 3851 in
1079 3801 1228 3852 rodie.Ve·

138 3877 291 3928 tuebantur.
323 3876 463 3927 'OEraldaei'
474 3877 540 3926 enim
549 3878 596 3928 hoo
608 3879 665 3928 looo
701 3878 770 3928 notia
788 3881 941 3943 antiquitat
955 3879 1165 3929 Pariaiensibna:
1183 3893 1225 3931 eo·

138 3962 217 4004 aeetae
236 3966 330 4002 nomen
349 3959 400 4014 rat,
415 3965 465 4002 non
481 3954 581 4015 gentio:
604 3951 666 4017 rapt
701 3967 751 4018 qne
763 3954 841 4004 verino
852 3969 913 4004 naua
924 3961 964 4003 eat
975 3956 1088 4004 etiamt.
1107 3957 1162 4004 lid.
1181 3955 1227 4007 ‘at

138 4029 163 4079 tl
184 4026 524 4092 muodomd’moploat
543 4030 666 4092 Χαλδαῖοι,
702 4027 808 4091 infringi
826 4030 947 4092 linguatu,
963 4028 1231 4092 vocemqoeaboriri!

138 4103 326 4168 lbpmoooral
341 4105 403 4168 rapt
416 4104 513 4155 'lrioirr
538 4103 665 4154 mertias.
702 4102 803 4168 quodsi
820 4105 877 4168 quia
891 4103 980 4160 malet,
999 4115 1049 4150 nou
1069 4103 1229 4166 improbabo.

138 4181 539 4234 ldenciceroina.d01)tv.
568 4179 665 4232 cneci„
701 4177 1223 4231 ‘abolescere’antemraletdeoreaeerer

138 4259 191 4310 Per
204 4243 371 4310 ‘chaldeos'
386 4257 474 4323 itaqoe
486 4258 620 4308 Beroeam
628 4257 664 4307 in·
702 4253 770 4320 quod
791 4254 850 4306 huie
874 4255 932 4304 looo
956 4253 1068 4304 maxima
1096 4254 1228 4307 aonrenit.
