2996 4888
277 369 363 435 173⁴
601 381 794 432 nnonasos
819 381 1030 435 corrronusr

278 531 489 592 commentariis
503 531 649 591 illustrati.
688 531 805 591 Parisiis
818 540 847 590 et
861 531 996 610 Lugduni
1010 531 1152 593 habentur
1169 533 1199 593 in
1220 535 1371 596 Gnilielmi

279 627 386 687 Rouilii
400 638 430 687 et
443 628 573 705 Philippi
590 628 630 686 G.
650 627 767 686 Bouillii
785 646 853 704 nep.
876 627 1000 686 aedibus.
1020 615 1186 690 n—cats'l.
1210 631 1265 692 des
1287 632 1371 692 liures

278 724 425 802 imprimes
449 723 487 782 de
508 724 535 781 la
559 721 760 800 bibliotheque
784 721 825 780 du
848 723 914 792 Roi,
938 722 1053 794 Poetes,
1073 743 1104 785 n.
1127 735 1199 796 748.
1232 727 1371 805 Quinque

278 818 377 880 Godd.
391 820 499 891 mestis,
513 830 543 877 et
562 817 684 877 Adriani
701 819 834 878 Turnehi
852 829 942 895 atque
962 819 1011 879 Jo.
1032 821 1135 879 Aurati
1156 823 1279 882 consilio
1304 843 1371 882 usus

279 915 446 988 Lambinus,
469 914 637 993 octingenta
653 913 782 973 Lucretii
801 913 867 972 loca
888 914 1047 974 restituisse
1069 935 1100 976 se
1123 917 1291 995 profitetur.
1335 923 1372 978 At

280 1012 424 1072 neminem
445 1032 476 1070 se
491 1010 603 1070 novisse
617 1008 739 1068 affirmat
753 1007 958 1078 Wakefieldus,
972 1011 1022 1087 qui
1038 1022 1210 1072 contextum
1228 1015 1374 1094 scriptoris

280 1107 448 1184 cujuslibet,
468 1106 642 1165 auctoritate
664 1106 897 1163 membranarum
919 1105 1021 1164 leviter
1040 1108 1224 1180 conculcata,
1246 1111 1372 1189 propriis
1477 1093 1478 1112 Χ

279 1200 457 1277 conjecturis
470 1200 664 1271 inferciendis,
680 1219 731 1276 per
752 1200 916 1258 effusiorem
939 1199 1094 1275 licentiam,
1117 1215 1205 1283 atque
1223 1207 1373 1266 inconsul-

279 1297 445 1374 tammagis
458 1297 661 1366 temeritatem,
675 1297 781 1373 passim
797 1295 980 1373 praefractius
994 1299 1126 1359 vitiatum
1141 1311 1172 1360 et
1182 1301 1373 1380 deturpatum

280 1391 406 1453 dederit.
442 1393 675 1453 Commentarius
689 1392 821 1452 Lambini
835 1411 894 1450 ooo
909 1393 1003 1452 solnm
1018 1396 1134 1470 optimis
1146 1397 1175 1454 in
1193 1394 1374 1472 Lucretium,

279 1489 329 1549 sed
345 1489 502 1566 generatim
517 1488 636 1567 optimis
649 1497 863 1548 annumeratur.
874 1489 908 1548 ln
919 1490 1036 1549 Goetaii
1048 1492 1171 1551 Memor.
1182 1487 1252 1551 bibl.
1267 1493 1374 1552 Dresd.

281 1601 304 1645 r.
319 1603 388 1665 pag.
403 1591 472 1677 '⁹3⁸²'
487 1593 519 1644 et
529 1584 559 1644 in
570 1585 664 1645 Catal.
680 1584 753 1644 bibl.
775 1584 924 1663 Luderrig.
938 1587 1002 1645 baec
1013 1585 1104 1646 editio
1114 1587 1258 1666 prodiisse
1268 1589 1376 1650 dicitur

279 1701 329 1742 an.
347 1679 435 1742 1⁵64.

324 1777 401 1839 1⁵6⁵
421 1778 555 1837 lambini
569 1793 609 1837 rr.
624 1779 684 1848 siue
698 1779 918 1838 commentariis.
952 1779 991 1838 Τ.
1005 1779 1133 1840 Lucretii
1145 1781 1214 1840 Gari
1227 1779 1267 1840 de
1279 1801 1374 1841 rernm

280 1883 382 1934 natura
395 1873 460 1934 libri
473 1893 534 1945 sex,
555 1892 574 1932 a
594 1874 737 1952 Dionysio
751 1875 892 1935 Lambino
912 1876 1063 1954 recogniti.
1084 1879 1281 1937 Accesserant
1304 1881 1375 1938 hdr.

280 1969 411 2029 Turnehi
424 1969 641 2030 emendationes
655 1971 778 2050 aliquot.
800 1971 922 2043 Parisiis,
936 1973 1016 2050 apud
1031 1973 1072 2031 G.
1090 1973 1262 2032 Rouillium.
1280 1969 1327 2033 16.

320 2066 398 2125 -Τ,
422 2067 549 2127 Lucretii
570 2067 638 2127 Cari
658 2067 695 2126 de
715 2087 809 2126 rerum
831 2078 934 2128 natura
953 2067 1020 2127 libri
1041 2087 1101 2140 ses,
1123 2069 1271 2129 emendati
1293 2077 1324 2128 et
1341 2089 1376 2129 ea

282 2161 489 2241 manuscriptis
503 2161 628 2221 restituti
646 2162 686 2221 ab
705 2162 819 2223 Oberto
841 2161 1003 2241 Giphaoio,
1025 2163 1161 2225 Buranu:
1184 2162 1284 2224 addita
1307 2171 1376 2224 suot

281 2260 340 2318 vita
364 2258 503 2329 Lucretii,
529 2267 560 2316 et
579 2257 672 2337 gentis
698 2258 845 2317 Memmiae
873 2257 1056 2339 descriptio;
1078 2269 1156 2319 notre
1185 2261 1377 2340 marginalem

283 2354 410 2431 epitome
424 2373 473 2412 seo
487 2352 693 2430 compendium
714 2352 832 2430 Epicuri
853 2351 891 2412 de
913 2373 1006 2414 rerunr
1030 2365 1143 2426 natura,
1165 2357 1304 2416 Lucretio
1327 2376 1378 2418 ae-

282 2449 511 2520 commodatam,
526 2449 652 2516 Graece3
673 2448 769 2525 capita
787 2447 923 2524 quadam
945 2449 1141 2528 philosophiae
1162 2451 1318 2529 Epicurea
1339 2454 1377 2515 de

281 2565 377 2606 rerum
392 2556 503 2616 natura,
517 2565 553 2604 ex
568 2545 613 2604 M.
626 2543 714 2604 Tullii
727 2543 853 2603 collecta
865 2543 957 2614 libris,
979 2545 1048 2604 item
1070 2546 1168 2606 verbis
1180 2547 1244 2607 'liti
1257 2567 1381 2628 compo-

170 2697 175 2707 ,
283 2643 357 2710 sita:
372 2641 551 2700 collectanea
564 2639 603 2700 ad
616 2641 798 2719 antiquitatis
812 2641 943 2700 notitiam
955 2660 963 2708 ;
977 2641 1164 2721 Thucydidis
1176 2643 1266 2703 verba
1276 2646 1379 2707 elibro

283 2735 413 2796 secundo
427 2737 464 2795 de
478 2736 643 2814 pestilentia
658 2738 766 2795 Athen.
786 2737 915 2806 ‘Graeca3
933 2737 1016 2796 variae
1033 2737 1173 2798 lectiones
1187 2749 1216 2798 et
1230 2742 1379 2820 castigati-

283 2847 364 2892 ones.
385 2830 567 2909 Antrerpite,
583 2830 661 2908 apud
675 2831 846 2910 christoph.
860 2831 1034 2892 Plautinum.
1051 2835 1290 2911 8.—·Gipharrius
1304 2857 1379 2914 prae-
1477 2835 1478 2928 j

283 2938 328 2988 ter
342 2926 477 2986 Lambini
489 2926 723 2998 commentarios,
746 2947 820 3004 quos
838 2927 982 3005 expilasse
1002 2927 1159 2999 incusatur,
1181 2930 1269 2990 etiam
1290 2933 1379 2993 Lucae

283 3023 407 3084 Fruterii
419 3021 555 3101 reliquias
569 3021 723 3082 suffuratus
737 3033 827 3100 atque
843 3023 972 3101 undique
985 3022 1142 3083 docturum
1156 3035 1294 3086 euastata
1309 3047 1380 3087 uon·

278 3120 412 3194 jacturas
436 3119 590 3178 corrasisse
612 3119 751 3196 arguitur.
771 3118 840 3178 Vid.
863 3119 1061 3197 Harercampi
1080 3119 1165 3197 praes.
1188 3122 1221 3181 ln
1240 3123 1381 3194 lectione,

283 3215 529 3293 interpunctione,
544 3223 574 3273 et
587 3213 804 3292 orthographia,
820 3212 858 3272 de
880 3233 938 3290 qua
956 3215 986 3272 io
1005 3213 1180 3293 prolatione
1202 3217 1311 3277 multos
1325 3228 1380 3289 est,
1477 3271 1478 3276 ,

283 3308 491 3369 discessionem
507 3309 578 3369 lacit
595 3309 778 3387 frequentem
797 3310 836 3368 ab
855 3309 1018 3372 editoribus
1032 3311 1231 3389 superioribus
1241 3334 1250 3384 ;
1272 3333 1379 3394 parum

283 3417 380 3464 tamen
395 3405 531 3478 contulit,
547 3427 582 3464 ex
597 3425 657 3482 quo
673 3405 801 3465 Lucretii
815 3416 969 3466 contextus
983 3408 1165 3468 emendatior
1183 3409 1319 3482 evaserit,
1339 3411 1382 3471 rir

284 3499 406 3578 diligens
419 3503 552 3580 quamvis
574 3513 604 3563 et
625 3500 744 3574 doctus,
767 3500 818 3561 sed
843 3500 942 3562 limato
958 3501 1087 3579 judicio,
1106 3504 1168 3562 sine
1190 3523 1251 3582 quo
1272 3506 1380 3568 austra

283 3597 392 3656 Cr'itice
406 3607 567 3668 exercetur,
582 3598 747 3658 destitutus.

327 3692 404 3753 1566
422 3693 458 3752 Τ.
483 3694 609 3753 Lucretii
624 3695 690 3753 Cari
705 3694 743 3754 de
757 3713 853 3755 rernm
867 3703 971 3753 natura
984 3693 1049 3753 libri
1064 3713 1114 3754 sex
1135 3694 1285 3757 emendati
1299 3710 1379 3760 etex

284 3789 491 3868 manuscriptis
503 3789 629 3849 restituti
649 3791 688 3849 ab
702 3789 818 3851 Oberto
833 3791 992 3871 Giphaoio,
1009 3794 1068 3850 &c.
1091 3799 1124 3851 ut
1144 3791 1173 3850 io
1190 3791 1240 3851 ed.
1265 3802 1379 3854 antece

283 3887 384 3947 dente.
404 3885 587 3964 Antverpioe,
601 3905 638 3944 ex
658 3885 773 3946 officina
793 3887 963 3964 christoph.
984 3886 1123 3948 Plautini.
1139 3888 1327 3949 a-rtecuss
1344 3910 1382 3949 ex

280 3983 328 4044 ed.
346 3981 434 4044 1565.
1176 4009 1179 4014 Α

326 4085 403 4146 1570
423 4078 558 4139 Lambini
573 4093 629 4140 111.
657 4080 695 4139 T.
721 4078 849 4140 Lucretii
863 4079 932 4140 Cari
945 4079 982 4139 de
995 4097 1091 4139 rerum
1106 4087 1209 4138 natura
1218 4079 1284 4139 libri
1292 4100 1381 4152 sex,a

282 4170 408 4248 Dionys.
422 4172 565 4234 Lambino
579 4173 647 4233 olim
661 4173 734 4235 locis
748 4174 1003 4238 innumerabilibus
1017 4195 1053 4236 ar
1064 4175 1240 4236 auctoritate
1251 4180 1379 4257 quinque
1477 4171 1478 4230 l
