3020 4888
251 377 285 422 n.
311 376 492 425 nuuanmt
515 377 603 426 cant
630 377 678 426 nn
703 377 833 428 annun
862 381 949 429 aar.
976 378 1045 430 utu.
1069 383 1120 430 tv.
1164 368 1249 434 1391

152 519 210 570 lidia
235 520 324 571 adiisn
368 522 400 573 iu
427 521 592 588 quibusdam:
621 522 687 572 solia.
725 521 794 571 sonis
805 523 924 586 imaginis
939 525 1032 589 ampiua
1045 523 1250 592 reddimurque

155 597 277 646 Fortaeae
286 611 338 647 non
347 600 423 649 male.
440 597 525 657 Gifnm
723 599 861 663 imaginum
870 615 886 649 a
896 593 1007 664 speculis
1017 600 1043 649 in
1052 602 1157 665 specula
1169 609 1251 654 tratta-
1352 657 1355 663 ,

186 675 235 722 575
253 671 687 736 ΙΜςίιιοσῠιἹΗοωάΔιςιιιι.
724 676 842 726 latarum·
869 679 927 730 iarn
944 679 1055 728 Eoltonia
1072 683 1210 745 exquisitae
1224 690 1252 733 et

156 751 179 796 1.
190 751 234 798 11.
251 752 276 796 5.
291 749 299 776 ‘
312 749 394 812 Cujus
411 750 512 800 retinet
523 749 617 813 jneoaa
634 749 687 798 No·
724 749 848 814 perfectae
866 753 923 803 haro
942 755 1045 818 propria
1064 765 1133 815 snut,
1154 766 1181 805 ut
1198 757 1253 808 cito

155 837 215 874 aneu
225 824 312 889 imago
322 825 378 876 Ant
395 826 421 874 in
438 825 565 876 umbrosis
581 825 687 875 Helieo-
724 830 888 892 respondeat,
903 838 932 880 nt
949 832 1051 893 longam
1064 831 1201 882 verborum
1212 847 1252 882 se·

155 901 197 950 nia
217 902 269 950 oria
282 901 338 953 Ant
354 916 433 964 anper
454 901 551 964 Pindo,
567 902 687 966 polidoro
724 903 787 952 aiem
799 913 947 966 connectat,
964 913 993 955 ut
1011 907 1147 970 aliquoties
1158 916 1186 957 et
1204 909 1253 959 ita·

154 979 182 1026 io
194 977 289 1027 Homo
297 978 319 1027 i'
339 979 435 1029 Crescit.
725 993 779 1028 rum
791 986 869 1043 atque
880 981 973 1032 iterum
985 995 1075 1032 vocem
1089 985 1253 1034 articulatam

188 1058 239 1105 575
257 1055 319 1111 Quia
335 1053 392 1104 deas
407 1069 460 1104 oasa
475 1053 566 1117 uideor]
590 1052 687 1104 itare·
725 1051 833 1104 reserat.
849 1054 932 1104 Ιιιιιιιὺ.
964 1054 1195 1120 desumptus.
1222 1059 1254 1108 ln

155 1131 353 1195 tanaquidam.
372 1129 458 1190 Gisia.
724 1129 798 1180 libris
817 1131 888 1181 etium
908 1137 951 1181 unt
967 1138 1062 1196 umora
1098 1133 1154 1196 Ego
1176 1147 1253 1184 ausus

188 1211 239 1258 577
256 1208 308 1257 Per
331 1210 382 1257 iooa
401 1206 462 1270 asin]
489 1207 541 1256 Per
563 1207 621 1256 loca
642 1205 688 1256 de·
724 1220 780 1256 anm
795 1205 859 1256 iilud
878 1211 919 1256 ossi
935 1205 1067 1256 inducere.
1101 1207 1255 1258 Videlndi·

155 1289 237 1336 serta.
252 1285 430 1335 TeaPlrorm.
441 1289 466 1332 5.
477 1287 551 1334 mo.
575 1283 688 1332 ‘Nonne
725 1296 797 1332 tem:
826 1283 906 1332 ‘Sex
930 1282 1050 1347 septem!
1079 1282 1165 1344 Gil‘arr.
1209 1286 1253 1336 De

156 1361 206 1411 laae
225 1361 370 1426 publicitus
388 1361 472 1410 scelus
490 1360 549 1409 hine
568 1357 689 1421 deporta·
724 1361 889 1424 echonomo
903 1361 992 1412 ‘roois
1004 1361 1131 1426 imagine‚'
1147 1363 1184 1412 uti
1196 1364 1254 1427 pius

156 1439 212 1488 rier
221 1438 249 1487 in
260 1436 443 1488 aoiaaterrasi'
459 1436 555 1486 Catuli.
567 1433 688 1484 carimde
725 1437 806 1486 aetnel
814 1437 917 1487 vocavit
927 1437 1061 1500 Horatius,
1071 1436 1255 1490 verbnioeiens

155 1515 234 1566 Pelei
244 1522 274 1565 st
284 1515 361 1565 Tnet.
377 1515 461 1578 ant.
486 1515 646 1563 ‘Desertam
663 1511 688 1560 io
727 1511 863 1562 Lucretius
877 1513 934 1563 ltreo
955 1513 1064 1565 scribit:
1084 1513 1157 1564 ‘Sea
1175 1516 1255 1565 etiam

156 1588 586 1642 aniamisaramaeoernitarena!
612 1589 689 1638 Plau·
726 1593 771 1636 aut
781 1595 882 1652 septem
892 1589 951 1638 lona
967 1589 1021 1638 vidi
1039 1589 1149 1640 reddere
1166 1605 1255 1654 vocer,

157 1675 202 1718 tus
228 1667 352 1718 Rudente
374 1671 397 1717 1.
418 1671 443 1716 d.
465 1671 490 1716 a.
513 1667 616 1730 ‘neque
640 1679 690 1730 qna
726 1663 810 1712 Unam
826 1678 884 1714 enm
897 1665 1016 1728 J‘aoares:
1034 1665 1073 1716 ita
1090 1667 1255 1718 eollesooili·

158 1757 285 1809 quemn,
294 1743 439 1795 oonanitatn
447 1749 496 1803 eat,
508 1741 601 1806 Neqtso
612 1753 689 1806 quern
726 1737 774 1788 bna
784 1738 847 1803 ipaia
856 1739 944 1789 Verba
953 1741 1114 1805 repulsantes
1125 1742 1257 1794 iterabant

157 1821 280 1884 rogitem,
291 1820 557 1886 quemquaminterea
568 1820 689 1870 inreuloa
726 1812 796 1866 dicta
813 1812 928 1865 referre:
960 1815 1013 1866 Sed
1030 1831 1081 1882 ego
1100 1819 1169 1869 istud
1181 1820 1256 1871 ileru-

158 1896 256 1961 Neque
273 1897 354 1960 magia
370 1897 434 1946 anias
445 1904 522 1945 terrae
534 1903 603 1957 aunt,
613 1911 689 1960 qnam
727 1890 783 1940 bort
797 1890 896 1954 referre,
913 1890 1102 1943 vitiosissimum
1114 1907 1172 1944 esse
1189 1909 1256 1945 sem·

157 1972 217 2021 nte
228 1973 385 2036 loomatqrte
395 1971 434 2020 ua
444 1970 578 2035 tegiouea.¹
591 1971 674 2024 Lerni.
728 1979 776 2029 par
792 1967 943 2017 arbitrabor.
975 1967 1038 2018 'i'am
1054 1969 1121 2019 enim
1137 1984 1196 2020 eum
1214 1987 1259 2035 ps·

190 2052 241 2096 ntia
261 2047 393 2109 Etmgao
407 2046 534 2111 dopmnus]
551 2048 690 2097 Lectorem
727 2043 826 2094 tienter
842 2042 925 2094 feram
944 2045 988 2109 qul
1010 2045 1115 2108 dixerit,
1137 2047 1257 2097 dmloat

159 2136 213 2173 non
230 2137 273 2172 me
290 2123 391 2186 pigebit
404 2121 542 2173 admonere
554 2121 588 2172 da
600 2138 627 2172 ra
639 2124 691 2174 leri
726 2119 825 2182 itesam
837 2135 913 2185 quam
923 2121 966 2185 qui
977 2122 1083 2184 dixerit,
1093 2123 1212 2172 ilminat
1220 2137 1258 2174 re·

158 2199 267 2266 quidem
289 2201 342 2262 illa,
363 2199 410 2250 aed
432 2205 519 2248 tamen
540 2213 590 2249 non
609 2201 691 2265 negli-
721 2199 800 2258 ferre.
833 2198 973 2263 Scripserlt
995 2198 1083 2263 itaque
1105 2199 1191 2248 Poiita
1212 2214 1257 2249 ne·

159 2276 254 2340 penda,
264 2276 291 2325 in
303 2274 395 2326 codiee
405 2275 558 2325 Bottiaiano
566 2277 691 2340 seriptum
728 2287 802 2322 eeaae
811 2281 861 2336 eat,
873 2288 933 2337 non,
943 2281 973 2324 ut
983 2275 1061 2338 volgo
1068 2274 1173 2339 iegitur,
1184 2274 1258 2325 itern-

159 2365 219 2402 aare
234 2367 323 2412 man
335 2351 463 2416 ἅψεται,
475 2353 605 2417 mendose,
615 2367 631 2401 ιι
643 2367 691 2417 pro
728 2351 784 2401 inat
800 2353 867 2402 dioto
876 2351 975 2416 referre,
992 2352 1038 2402 sed
1055 2351 1182 2402 tradebant
1192 2353 1257 2403 dicto

158 2445 182 2478 a.
199 2429 285 2478 mart.
727 2429 825 2492 referre.
860 2429 997 2493 Ingeniosa
1016 2428 1117 2479 acilicet
1133 2435 1161 2477 et
1176 2428 1258 2478 admi-

192 2509 241 2556 581
259 2503 563 2568 flammantum]
585 2505 692 2556 Plutar·
729 2505 805 2554 rablii
826 2505 987 2570 metaphora,
1008 2503 1040 2554 ab
1062 2504 1092 2553 iis
1112 2504 1191 2553 duetn
1214 2504 1258 2568 qui

161 2581 226 2632 eltna
247 2580 329 2630 rel'ert
345 2579 397 2645 rapi
416 2583 462 2630 riv
481 2579 625 2644 dpsrrdm
641 2583 692 2633 sair
728 2586 868 2643 exceptum
885 2579 982 2645 aliquid
1001 2579 1056 2628 aliis
1076 2577 1257 2642 perierandum

160 2665 242 2719 mane.
254 2659 307 2713 βιβ.
317 2659 344 2712 β.
356 2656 382 2704 iu
395 2655 502 2719 AEgypti
516 2657 691 2720 pyramidibus
728 2655 860 2706 mandant.
875 2658 934 2709 Quo
944 2656 1021 2705 etism
1033 2654 1107 2705 duait
1117 2655 1145 2704 ri
1156 2656 1258 2720 ‘repul-

161 2747 251 2784 aoeent
266 2746 342 2782 attam
359 2733 430 2782 intua
445 2731 552 2793 editum,
568 2738 692 2797 quattuor
728 2735 832 2782 santes?
860 2733 921 2782 Vim
940 2739 1027 2782 autem
1049 2732 1124 2795 liujus
1143 2733 1214 2783 vonis
1232 2733 1258 2782 iu

162 2818 190 2860 at
207 2811 322 2875 quinque
343 2809 463 2860 reddere.
495 2809 569 2858 Idem
583 2809 630 2859 lib.
640 2808 692 2874 aspi
729 2821 803 2856 versu
815 2806 925 2872 quodam
944 2807 1048 2871 hujusce
1066 2807 1123 2858 libri
1140 2808 1257 2858 notabis:

160 2887 276 2949 dim-rx.
284 2887 310 2936 in
320 2886 429 2950 princip.
439 2891 624 2936 commemorat
633 2901 692 2950 por·
727 2885 737 2915 ‘
749 2885 791 2934 Fit
800 2899 901 2950 quoque
913 2885 946 2935 de
958 2886 1064 2950 apoculo
1081 2887 1107 2935 in
1124 2887 1259 2951 specuium

162 2963 243 3012 tianaa
259 2961 398 3027 quandam,
416 2975 474 3025 qnoe
491 2959 621 3024 Olympiae
633 2960 692 3024 t'ult,
728 2967 759 3010 ut
771 2961 890 3010 tradatur
901 2961 1014 3025 imago;'
1031 2960 1100 3026 quod
1111 2961 1185 3011 rides
1200 2962 1259 3011 hoio

162 3036 300 3100 indam
320 3037 488 3100 appellatam,
510 3036 571 3100 quia
591 3037 692 3088 scilieet
728 3037 786 3088 ioco
798 3039 926 3101 geminum
943 3051 1090 3101 genuorum
1107 3051 1171 3088 esse.
1205 3038 1259 3088 ita·

162 3129 253 3164 aoesrn
274 3113 372 3176 septies
393 3113 510 3161 iteraret.
551 3110 692 3161 Pausanias
730 3113 958 3179 queiinemfaoio.
991 3115 1094 3163 Erroris
1105 3113 1179 3178 origo
1191 3113 1260 3164 vide·

163 3188 281 3239 Corinth.
302 3195 391 3236 narrat
409 3186 443 3236 ad
462 3187 581 3235 dextram
602 3189 693 3250 templi
729 3199 773 3240 tur
786 3203 844 3240 esse
862 3189 887 3237 ir
897 3190 932 3250 τᾷ
941 3187 1201 3252 ἁκρπελινιίφιιεηῡι
1218 3203 1259 3238 atr-

162 3263 299 3314 Clttitoniaa
329 3263 441 3324 Cereris,
471 3263 598 3326 porticum
625 3277 693 3326 ease,
730 3267 849 3330 periuria,
866 3265 934 3329 qttod
955 3265 1098 3328 lnoogltans
1116 3266 1260 3330 exscriptor

162 3353 238 3404 quarn
250 3340 342 3388 iucolae
353 3339 464 3388 Enltouis
476 3338 603 3401 porticum
615 3340 694 3389 nomi·
730 3342 861 3406 respexit;
882 3342 908 3390 iu
931 3355 963 3390 eo
986 3341 1054 3390 enim
1074 3341 1260 3391 elementorum

163 3421 243 3464 nant:
261 3415 337 3477 cujus
348 3428 379 3462 en
396 3421 487 3463 natura
503 3415 546 3470 sit,
564 3421 593 3463 ut
604 3415 694 3478 imagi·
730 3417 870 3468 similitudo
880 3417 1007 3467 hominem
1024 3418 1050 3467 ia
1066 3416 1184 3468 fraudem
1198 3432 1261 3468 con-

162 3505 223 3541 nam
234 3491 307 3540 aneia
316 3491 441 3554 triplicet.
469 3489 693 3540 Nosinvteonu-
727 3493 851 3558 jecit,itn
868 3495 945 3544 eolles.
977 3493 1029 3545 Sed
1048 3494 1117 3546 unde
1136 3495 1259 3554 undem,

162 3568 236 3617 tetire
257 3565 396 3616 admodum
424 3566 577 3630 propinquo,
599 3567 695 3631 (distat
731 3569 851 3620 mendum
867 3577 917 3633 eat,
935 3577 963 3618 et
982 3569 1084 3634 quidem
1102 3571 1259 3635 ejuscemodi

161 3645 231 3694 euim
256 3645 291 3693 ab
313 3643 379 3692 urbe
403 3657 456 3692 uon
480 3643 561 3692 multo
585 3644 694 3706 amplius
731 3651 761 3694 nt
782 3659 797 3694 a
818 3646 920 3694 nemine
949 3644 1033 3695 adituo
1055 3645 1260 3696 animadversum

162 3719 299 3786 quamtria
307 3719 385 3768 millia
396 3717 586 3782 passuum‚)eui
599 3734 693 3769 nomen
731 3718 820 3771 fuerit.
840 3720 927 3770 Faber.

162 3804 204 3847 est
217 3796 694 3860 cidaminiicltonemauditrinruavo·
764 3801 812 3847 585
835 3797 1000 3861 Repsisortlra]
1026 3797 1192 3860 Propalsuairs
1218 3811 1260 3842 vr-

162 3887 207 3922 eea
218 3872 321 3936 septies
332 3872 478 3921 iterantem.
511 3870 563 3920 Sed
575 3871 637 3936 quid
647 3873 695 3922 nti·
732 3873 927 3938 teresquldam.
946 3871 1032 3932 Gilua.
1062 3870 1262 3920 lteroioatdr'ols

164 3962 220 3998 turn
232 3955 397 4012 ter‚quater,
407 3945 550 4011 quinquies,
562 3947 658 4009 sexies,
667 3955 695 3998 et
730 3947 829 4008 assem.
863 3946 947 3997 Codd.
981 3945 1107 3995 lter-uiant
1134 3945 1198 3994 diets
1224 3961 1261 3993 re·

162 4023 259 4086 aeptiea
291 4021 430 4084 imaginem
453 4021 524 4071 vocis
547 4020 638 4071 iterari
663 4037 694 4070 ae
725 4026 798 4084 ferri.
823 4022 1261 4081 Fabroaatemittgratumestiiiod

162 4097 341 4162 multiplicari,
352 4112 411 4148 oum
422 4097 509 4147 Ticini
520 4098 546 4146 in
555 4097 615 4147 aula
625 4111 695 4162 mag·
731 4098 859 4159 iterninat,
891 4095 1001 4160 ideoque
1034 4096 1099 4159 legit
1129 4097 1260 4150 tondebunt.

164 4188 196 4224 ua
208 4175 336 4224 Bsaiiiose'
347 4180 391 4223 ter
407 4179 435 4222 et
451 4173 536 4223 decies
549 4171 698 4223 referatur?
733 4171 844 4222 creeclr.
876 4170 904 4220 Si
924 4169 1058 4233 ingeniosa
1078 4171 1154 4220 Fabri
1175 4174 1263 4237 placet

166 4247 264 4302 Eadem
274 4257 363 4300 antem
379 4247 564 4313 propemodum
577 4249 643 4298 ratio
654 4255 696 4299 eat
733 4249 894 4320 condemnas,
912 4247 950 4298 lta
969 4246 1127 4313 distinguas:
1145 4249 1180 4298 itu
1195 4251 1263 4300 eolles
