3006 4880
282 407 368 476 150⁰
630 423 737 476 uocas
759 425 962 476 usurouusr
985 426 1026 474 ru

283 567 379 618 tionem
402 573 526 631 espntsre
544 581 595 617 uon
612 581 724 632 possum.
735 567 808 618 docti
845 567 1026 632 Repetendnm
1044 570 1129 617 sutem
1140 565 1186 616 ded
1199 565 1279 616 esoni
1298 565 1375 616 cessis

283 643 387 706 quidam
395 641 420 690 in
432 654 496 692 soce
503 657 616 706 proporro
623 643 808 693 meudumsub·
844 657 878 693 ex
888 657 925 692 ss.
935 647 960 692 1.
972 643 1041 692 unde
1052 641 1375 705 caterniuterroqntiones

283 727 340 765 esse
353 716 527 780 suspicantur.
540 718 715 781 ellegeudum
730 733 809 781 prore·
845 718 972 782 pendent.
1006 719 1049 766 lle
1073 731 1120 766 osu
1141 717 1218 780 bans
1239 716 1375 780 panicole

282 795 322 842 tro
342 799 457 842 censent.
503 793 559 856 ligo
579 805 646 840 nnnc
673 801 808 857 utrunrqne
845 789 1375 857 ‘cumque'dicerernqnodsortassenon

285 879 395 929 versum,
408 873 437 916 ct
447 878 505 917 enus
517 867 592 932 qulin
603 866 733 916 codicibus
742 867 808 916 suti·
846 868 1022 931 poenitendum
1034 874 1119 927 esset;
1137 867 1182 916 sad
1195 867 1259 916 setis
1270 867 1297 914 lu
1308 879 1376 929 prn-

283 945 339 1008 quis
358 944 497 1006 reperitur,
508 950 536 993 et
544 957 602 992 eum
611 943 654 1007 qul
665 944 690 991 in
700 943 810 1010 vulgatis
846 957 906 992 sens
925 942 1013 1005 suerit,
1035 943 1138 992 unicum
1158 942 1264 993 Horatii
1282 943 1377 1004 locum,

285 1028 313 1069 et
325 1019 523 1081 recentioribus,
533 1021 648 1083 spurious
659 1019 809 1080 etsopposi·
845 1019 890 1081 qni
902 1017 994 1067 doctos
1006 1017 1090 1078 torsit,
1109 1015 1212 1080 afferre,
1230 1017 1283 1067 Od.
1296 1025 1319 1068 l.
1335 1021 1377 1068 ⁸2.

285 1102 341 1144 tum
365 1107 423 1143 esse
440 1094 558 1144 arbitror.
579 1093 663 1144 lamb.
697 1095 809 1150 Qecren
847 1097 886 1143 ld.
903 1093 982 1142 ‘mibi
1000 1107 1110 1158 cumque
1127 1094 1196 1142 salse
1209 1095 1271 1143 Rite
1283 1107 1375 1144 vocen-

281 1183 395 1234 proporro
410 1169 457 1218 sibi
472 1185 568 1233 nmque
583 1183 699 1219 sesesem
709 1166 810 1220 credod
847 1166 887 1219 ri·
920 1167 1022 1218 Addam
1043 1175 1154 1230 tentum,
1176 1170 1202 1218 iu
1225 1183 1302 1219 versu
1322 1169 1376 1232 rllo,

284 1247 327 1297 lta
338 1248 395 1298 libri
407 1255 459 1300 oet.
485 1247 516 1298 In
526 1247 688 1314 quibusdam,
695 1250 810 1312 omnique.
847 1245 903 1295 Nos
911 1246 1008 1295 delubro
1016 1246 1103 1308 Draus,
1115 1246 1295 1310 Simulacrum
1308 1247 1376 1307 sens

282 1321 543 1372 Sententissldetur:
556 1324 809 1388 utcredas,eaqune-
840 1319 944 1379 ssts'sril
959 1320 1040 1370 videri
1057 1334 1144 1384 posse,
1162 1336 1320 1387 quamquam
1337 1322 1374 1371 ull

283 1397 717 1462 seresibialiquandoseneclutem.
732 1398 810 1447 Hand
846 1394 955 1458 affirmo,
965 1397 1112 1460 legendum,
1129 1397 1375 1462 Sbuslnrrnqeeflsss

283 1475 338 1523 scio
350 1475 437 1535 etiam,
454 1487 485 1523 su
502 1474 537 1524 sit
555 1475 665 1538 spurius.
683 1475 810 1524 Marullus
840 1471 948 1531 juliaci?
964 1473 1032 1522 Nem
1043 1479 1071 1522 et
1081 1473 1131 1521 buc
1144 1474 1291 1536 respersisse
1310 1471 1375 1524 lior.

281 1550 378 1613 primus
396 1557 423 1599 et
442 1549 509 1599 huuc
524 1550 694 1614 depravavit:
722 1552 810 1600 Cedere
846 1547 901 1595 Sat.
920 1551 946 1596 ὓ.
963 1551 988 1596 b.
1007 1550 1047 1596 89.
1068 1545 1191 1608 arbitror,
1215 1549 1283 1596 ‘sen
1297 1547 1374 1596 rubra

281 1637 391 1686 proporro
400 1624 520 1688 ubisque
528 1639 643 1675 emeseno
657 1639 724 1676 cae.
741 1627 808 1678 Quas
846 1622 964 1671 cunicula
974 1621 1056 1671 findet
1066 1621 1185 1671 lnlnnles
1195 1621 1374 1683 κωπίω.

285 1699 342 1750 hee
353 1705 395 1749 est
405 1701 580 1765 impudentis?
599 1701 684 1762 cissa
720 1702 809 1752 Cedere
847 1697 917 1747 Delo
945 1711 1003 1747 cum
1029 1696 1144 1747 ‘lenus’
1169 1703 1197 1746 ct
1219 1695 1373 1748 ‘defessus'

281 1789 397 1839 proporro
411 1775 531 1839 sebuoqu
543 1789 659 1826 sonuere
676 1782 749 1825 emt
767 1777 810 1825 lte
846 1771 910 1822 fiunt
921 1787 937 1822 ι
947 1771 1034 1822 fatisci
1045 1780 1073 1822 et
1085 1771 1213 1834 defatisci,
1224 1773 1301 1822 valde
1313 1773 1373 1823 mibi

283 1858 433 1902 constanter
458 1851 556 1901 babent
583 1859 636 1900 ret.
665 1850 734 1912 libri,
761 1850 809 1900 nisi
845 1848 970 1898 credibile
987 1848 1023 1898 sit
1038 1849 1171 1912 scripsisse
1189 1849 1307 1900 hocloco
1324 1850 1375 1899 Ln-

283 1927 352 1991 qnod
369 1927 397 1976 in
413 1925 562 1990 quibusdam
581 1926 683 1989 iegitur,
695 1926 810 1988 Omnique
845 1923 1150 1987 cretium,sesscsuts‘scs'l
1173 1926 1275 1976 Scimus
1287 1935 1373 1976 nosen

280 2015 393 2065 proporro
409 2001 529 2065 subitoque
544 1999 740 2052 usercensem?
756 2002 810 2052 Sed
846 2001 973 2064 edificiis,
983 2002 1096 2064 templis,
1108 2003 1195 2063 muris,
1208 2009 1324 2064 ereren,
1334 2017 1374 2052 se·

282 2078 342 2126 vide
362 2091 438 2142 quem
456 2079 482 2127 iu
500 2079 547 2128 boc
564 2093 659 2142 genere
676 2080 809 2128 literarum
846 2077 925 2139 nium,
943 2081 992 2128 dre.
1013 2077 1102 2140 tribui,
1122 2085 1200 2142 atque
1220 2078 1287 2128 odeo
1305 2085 1374 2129 suere

283 2155 320 2203 nil
343 2153 482 2219 quidquam
505 2157 634 2220 neglectui
652 2157 694 2206 sit.
733 2155 809 2207 Istud
846 2167 922 2216 posse
938 2153 1067 2215 rismor
1083 2163 1110 2204 et
1129 2152 1217 2218 quiid
1238 2153 1369 2218 probabit,

282 2229 389 2293 umque
400 2230 517 2279 vitiosum
530 2231 583 2294 est,
594 2247 677 2296 neque
693 2233 744 2282 erit
763 2246 809 2280 nn·
845 2227 1028 2289 nihilfecerit3
1045 2243 1102 2279 nssu
1115 2229 1151 2290 ld,
1161 2228 1194 2279 sd
1206 2243 1247 2278 sne
1258 2231 1373 2293 quidem,

283 2318 369 2369 quem,
391 2305 417 2354 ld
437 2313 465 2355 ut
487 2307 530 2356 vel
550 2306 650 2358 διανοίας
673 2310 715 2358 vel
733 2309 809 2358 metri
846 2305 980 2367 nibilest3
997 2305 1170 2369 coojectnrsm
1190 2305 1260 2355 enirn
1280 2305 1371 2366 allero,

285 2381 353 2430 retio
372 2383 428 2445 pstl
454 2383 556 2446 posslt;
584 2392 611 2434 et
640 2390 727 2434 tamen
751 2385 808 2448 eJus
845 2380 1122 2430 uouemendstiooens.
1142 2381 1228 2430 Feles.
1252 2379 1372 2430 Glssnins

283 2457 358 2506 unius
374 2459 472 2506 voculse
489 2471 539 2522 ope
554 2459 664 2522 vestigia
676 2473 744 2508 vern
756 2460 809 2508 lec·
844 2457 958 2512 θηται
966 2471 1011 2520 pso
1019 2456 1146 2520 porsosibs'
1157 2469 1247 2518 esusque
1256 2469 1372 2506 serem

282 2532 362 2582 tionis
377 2532 603 2596 deprehendimus.
636 2534 688 2584 Sed
706 2533 809 2597 largiori
844 2533 934 2581 crem
952 2533 970 2581 i.
983 2547 1007 2580 e.
1026 2539 1055 2582 ut
1071 2533 1161 2581 credas
1181 2545 1215 2580 ea
1233 2531 1371 2596 aliqnando

281 2619 402 2656 sermone
429 2620 495 2670 opus
517 2616 575 2669 est;
611 2609 684 2672 crrjrrs
708 2611 809 2660 venians
845 2607 1270 2678 sibiquesreresenectntem:sed
1282 2609 1371 2658 melior

282 2681 403 2743 petimus.
414 2683 624 2732 Dixerstsntees
643 2684 736 2732 Nonne
745 2683 808 2746 lapi·
844 2685 950 2748 vulgate
966 2685 1056 2736 lectio.
1072 2684 1155 2734 Fnber
1173 2692 1260 2736 autem
1277 2686 1370 2748 rejicit,

230 2745 233 2758 '
280 2757 327 2806 des
338 2764 367 2807 et
382 2765 519 2808 structores
536 2759 704 2809 edificiorum
723 2764 809 2824 ruunt,
845 2763 953 2826 Denique
963 2778 1008 2812 ros
1019 2767 1175 2824 essemus,
1195 2765 1237 2824 le.
1252 2769 1282 2811 et
1299 2762 1369 2825 legit.

281 2839 309 2882 et
321 2839 406 2882 turres
421 2835 641 2885 cessassem
658 2836 809 2886 uincuntur?
846 2839 977 2902 Omnisque
986 2844 1013 2887 sl
1026 2851 1106 2901 porro,
1119 2837 1241 2901 subitoque
1254 2851 1371 2888 senem

281 2922 366 2958 noune
389 2910 447 2974 ipse
464 2913 572 2974 templs,
589 2912 749 2974 sedentibus,
769 2922 807 2964 nt·
844 2917 934 2975 mdes,
954 2915 1011 2962 Nos
1036 2915 1288 2975 maecenate.
1319 2913 1369 2962 Sed

280 2999 331 3050 que
342 2986 420 3037 etiem
437 2987 527 3038 inritis
544 2989 612 3053 Diis,
623 2990 694 3039 senio
705 2989 808 3040 delesse
843 2990 903 3040 huic
922 2992 1001 3040 etism
1012 2991 1167 3055 conjecturae
1179 2989 1310 3052 vulgatam
1322 2991 1370 3040 lec·

278 3061 418 3114 lebnntur?
434 3062 580 3130 Omnisque
589 3070 618 3114 ut
634 3057 720 3128 porro,
733 3065 807 3128 cujus
845 3067 941 3116 tionem
963 3065 1075 3115 libenter
1098 3065 1244 3130 praeferam.
1274 3065 1369 3116 cretes

280 3137 324 3188 illu
336 3153 445 3203 cumque
465 3140 567 3204 generis
583 3139 646 3202 sint,
662 3153 807 3200 senescere,
844 3141 938 3192 Placet
946 3142 1031 3190 Vossli
1043 3140 1254 3203 sauconjertnra,
1263 3155 1310 3192 seu
1319 3141 1369 3190 lec·

280 3215 455 3278 ubire,obire,
472 3217 556 3281 perire
578 3223 608 3266 nt
625 3216 727 3280 credes,
745 3230 807 3266 non·
844 3217 890 3279 tio,
907 3216 1150 3280 itsdistiuguendo:
1169 3217 1372 3280 Qvanereprs·

280 3301 313 3336 sse
329 3299 356 3338 et
368 3290 453 3340 silices
470 3293 547 3354 ipsos,
558 3307 696 3357 rupesque,
706 3291 806 3342 solidis·
841 3291 961 3356 pomuli,
971 3306 1057 3355 rosque
1071 3305 1188 3341 emm
1198 3290 1298 3342 mss?
1320 3293 1370 3354 lbi,

280 3363 344 3412 sisne
364 3372 441 3414 terras
459 3380 576 3431 corpore,
596 3383 733 3418 senescere
745 3377 806 3421 ente
843 3368 887 3418 ubl
899 3381 992 3432 nempe
1003 3367 1105 3430 dilapsa
1122 3381 1155 3416 es
1166 3367 1218 3430 jsrn
1236 3365 1368 3428 videnum

280 3440 369 3489 ocrrlos
389 3439 477 3490 vides?
494 3443 665 3493 Nunclocuor
678 3445 805 3508 integrum
841 3459 927 3508 eosque
952 3457 1079 3506 urucas,
1106 3457 1163 3506 pro,
1183 3451 1211 3494 et
1232 3457 1369 3494 consenes-

280 3530 417 3580 exponam,
436 3525 464 3567 et
483 3519 520 3568 lte
536 3533 672 3584 exponam,
693 3523 730 3572 uti
756 3521 806 3570 dis·
843 3522 1062 3585 ccre,utpsssiro.
1078 3520 1167 3581 Preig.

281 3593 364 3670 tingui
381 3600 408 3643 et
424 3595 475 3657 legi
495 3595 593 3646 debere
613 3598 730 3648 ridetur:
755 3598 806 3648 De·
875 3602 923 3650 old
941 3596 1187 3660 Nossaereosolsss]
1211 3595 1292 3647 Hunc
1311 3611 1365 3646 rer-

278 3672 350 3736 sique
364 3687 412 3722 sess
433 3672 523 3736 lepidos
541 3688 629 3737 quaque
647 3676 710 3724 rinei
730 3675 807 3725 cessris
843 3688 898 3724 sum
910 3672 1012 3738 profert
1023 3673 1124 3724 Nonius
1135 3673 1164 3722 in
1175 3672 1368 3723 voce‘siliw

279 3747 805 3814 comsummnsmesmrmspa·
842 3749 925 3800 lano.

278 3830 378 3876 trem
393 3821 469 3875 ml
489 3825 547 3874 Noe
562 3824 658 3874 delubro
669 3826 755 3891 Deum,
772 3829 805 3876 si-
875 3828 923 3875 ³18
942 3825 1067 3873 'l'urmn
1082 3822 1173 3885 aetatis]
1196 3823 1311 3873 Tralutio
1318 3829 1366 3887 est,

279 3903 426 3966 suniaersqse
436 3900 502 3961 sessu
514 3900 616 3961 fatiscit
632 3900 685 3951 Nec
700 3910 806 3952 melum
843 3902 884 3952 vel
902 3916 918 3951 ι
936 3900 1071 3950 tormentis
1090 3899 1198 3963 bellicis,
1214 3900 1254 3949 vel
1273 3913 1366 3965 aques-

281 3993 366 4027 sresses
380 3978 433 4038 soti
448 3978 573 4042 protollere
584 3977 649 4042 fiaes
660 3977 754 4030 Posui
765 3994 805 4029 se-
841 3977 976 4029 stionibns.
993 3974 1078 4024 lamb.

280 4069 324 4114 que
334 4056 548 4104 doemonium
557 4052 733 4114 sndeso'sitii
748 4055 805 4085 ”⁶
876 4051 989 4114 Priscis]
1011 4049 1094 4100 Refer
1107 4049 1139 4099 ad
1157 4063 1248 4102 socero
1268 4050 1367 4113 ‘resq'

280 4127 351 4187 [binc
370 4141 471 4177 versum
492 4127 604 4192 sustuli]
631 4131 763 4194 Osrsioqse
777 4137 805 4182 sl
842 4145 893 4184 non
913 4125 1075 4180 ‘tormentu.'
1090 4127 1173 4178 heo.

277 4215 349 4263 porro
368 4203 490 4266 nouoque
511 4207 728 4269 sesumeeredos,
749 4207 806 4256 Noe
875 4212 925 4258 ³19
940 4203 1112 4269 Decimium
1128 4205 1206 4268 sum]
1230 4206 1313 4268 lbere,
1329 4219 1366 4255 ss-

271 4287 347 4326 ‘ruere
363 4278 453 4327 evolsos
468 4279 546 4328 silices
563 4283 712 4332 omatibus
729 4281 806 4334 allisi
843 4286 912 4351 pice,
924 4298 939 4334 a
951 4282 1030 4333 verbo
1045 4287 1110 4332 tuor.
1144 4281 1266 4348 Denique
1282 4284 1366 4347 rspice
