3006 4880
279 397 365 465 152⁰
430 419 436 424 ·
627 411 736 460 noue
759 409 961 460 nunionun
984 407 1024 458 un

279 559 403 610 corticem
412 555 556 618 dmrshere,
565 561 593 604 et
602 553 640 604 ita
648 553 768 603 deterere
776 557 804 602 et
840 563 925 616 neque
943 549 1069 616 estquod
1084 549 1219 614 qnisquam
1239 547 1274 598 de
1285 547 1370 599 nitima

278 637 404 697 minuere,
414 634 552 699 χαλέπτεο,
563 634 651 686 neren.
684 635 801 686 Nonius:
839 626 941 690 syllaba
951 626 1062 676 dubitet.
1080 626 1222 688 corripitur
1233 625 1303 674 enim
1314 639 1370 675 eum

277 712 482 775 ‘Deiibratum,’
514 713 531 761 i.
553 726 578 762 e.
602 711 803 761 decorticatum.
840 702 908 765 apud
919 703 995 763 huna,
1006 711 1060 752 tum
1072 702 1140 765 apud
1155 703 1306 766 Virgilium.
1322 701 1371 750 Lu·

277 787 353 840 Quod
371 788 404 839 ad
427 789 582 850 principium
608 794 694 837 etitem
714 798 803 834 versus
840 787 905 830 oret.
926 783 951 828 2.
968 783 1026 829 2⁰6.
1047 779 1272 842 ‘Nocturnasqne
1293 774 1371 826 faceis

277 864 506 926 animalitatum
525 863 660 924 intervalia,
676 866 718 926 te.
734 863 803 911 haue
839 856 1015 906 retinuimus
1028 853 1169 904 volenteis!
1186 855 1261 916 virg.
1273 851 1371 917 θροις.

275 941 338 990 item
363 938 569 988 emendationem
590 939 664 988 initio
683 937 803 1000 probavit
839 935 864 982 8.
886 935 943 982 1⁰8.
969 931 1103 994 ‘Jamque
1124 929 1245 989 humiles,
1264 929 1371 992 jamque

275 1015 469 1066 Zoilustotam:
487 1013 593 1073 deinde,
607 1014 801 1062 seutentiamu·
838 1007 901 1058 eiati
912 1007 1021 1056 sublime
1040 1005 1161 1055 videntur
1178 1003 1250 1053 Adra
1268 1016 1317 1066 per
1328 1017 1371 1051 aa·

275 1097 342 1154 tata,
357 1091 395 1140 sie
412 1089 548 1152 legendum
568 1089 737 1149 existimavit,
756 1087 803 1137 Nii
839 1096 915 1132 cunm
932 1081 1013 1132 ferri!
1047 1083 1112 1132 Post
1129 1081 1155 1130 in
1171 1094 1224 1130 aec.
1244 1077 1369 1141 editione,

273 1167 474 1218 eiaas'iatemuiiu
485 1168 514 1213 de
524 1179 619 1228 corpore
629 1164 713 1227 libant,
725 1164 802 1228 piane
837 1158 952 1208 Tumebi
971 1157 1146 1224 conjecturam
1174 1163 1280 1205 secutus
1305 1167 1370 1214 sum,

275 1245 375 1308 inepte,
387 1250 414 1293 et
434 1243 537 1302 inscite,
549 1249 627 1305 atque
642 1240 707 1289 adeo
724 1239 802 1290 insci·
838 1235 859 1284 si
876 1249 928 1286 nou
950 1235 977 1284 in
995 1241 1120 1284 contextu
1141 1234 1198 1296 ipso
1222 1231 1369 1294 verborum,

274 1320 456 1370 eusteniam.
487 1318 583 1366 Libum.
601 1316 713 1368 Quidum
729 1317 800 1380 vulg.
839 1309 1285 1360 autuuantsteeatontnusseonum
1304 1305 1370 1370 poni·

272 1396 369 1446 timont.
388 1391 732 1451 iambinnariimoatfmuie.
744 1393 801 1452 Gis.
839 1385 881 1435 tis.
924 1387 1001 1436 Nune
1029 1385 1108 1449 igitur
1137 1385 1203 1434 hanc
1228 1383 1368 1432 ieotiouem

305 1477 353 1523 ⁶⁷⁰
372 1469 645 1533 Coutmetioe1Miuor.
663 1467 744 1518 Iani.
839 1463 914 1528 piane
930 1469 1028 1513 rectem
1047 1475 1104 1511 esse
1117 1462 1241 1521 arbitror,
1252 1458 1369 1509 omuibus

305 1551 355 1598 5⁷2
375 1547 407 1596 Et
417 1548 467 1596 tom
478 1544 587 1608 timet]
612 1542 690 1594 Refer
706 1545 753 1593 noe
767 1543 799 1595 ad
838 1539 895 1590 aliis
905 1539 1021 1603 rejectis.
1030 1539 1102 1603 stium
1113 1545 1211 1597 antem,
1221 1537 1239 1586 i.
1250 1552 1275 1586 e.
1288 1537 1367 1585 iiuea-

271 1625 369 1686 iumen,
388 1637 438 1687 qno
450 1623 506 1672 ioca
521 1623 666 1686 tinguntur,
684 1622 800 1683 quamvis
837 1623 962 1677 mentum,
982 1620 1010 1664 et
1027 1615 1100 1680 quasi
1117 1612 1211 1664 ductos
1233 1622 1367 1662 extremus

271 1698 367 1748 dixerit
379 1711 483 1746 numero
494 1694 665 1745 multitudinis
682 1696 729 1744 ‘et
744 1696 800 1744 toea
838 1691 918 1741 totins
940 1689 1055 1754 eorporis
1078 1689 1146 1739 eolis.
1170 1690 1255 1739 utitur
1273 1689 1365 1738 eodem

271 1776 393 1839 tingunt!
410 1772 481 1823 ealos
495 1771 562 1821 euim
580 1771 742 1833 pervenitad
755 1785 799 1820 no·
837 1767 939 1815 numine
951 1775 1005 1816 tum
1014 1764 1084 1825 aiibi,
1095 1771 1125 1814 ut
1135 1765 1366 1826 ostendimus‚tum

272 1857 341 1901 atros
352 1863 451 1908 sensns,
469 1847 486 1897 i.
497 1860 520 1895 e.
537 1845 570 1894 ad
583 1850 696 1894 tectum:
713 1846 799 1895 lumen
837 1843 881 1895 ini.
892 1845 949 1894 eod.
960 1843 1005 1893 lib.
1018 1857 1067 1892 uon
1080 1843 1166 1907 longe,
1184 1844 1243 1893 681.
1263 1843 1366 1896 ‘Quam

272 1939 319 1974 sno
339 1920 678 1987 ferreummontem
699 1924 725 1969 d.
741 1924 798 1970 17².
836 1919 967 1968 minimum
989 1918 1079 1970 flium!
1102 1925 1130 1969 et
1155 1917 1256 1968 Aruub.
1274 1919 1321 1968 lib.
1342 1921 1367 1969 8.

269 2001 344 2050 ‘Hoc
356 1999 436 2050 etiam
447 2004 525 2060 paeto
535 1995 632 2045 volucri
640 1997 697 2044 iona
704 1996 799 2046 iumine
836 1994 895 2046 ‘fito
906 1997 985 2046 etiam
1005 1997 1076 2045 Deos
1087 1995 1263 2045 atterminatis
1279 1995 1366 2044 hnma-

270 2075 390 2141 tingunt!
407 2073 451 2124 iui.
472 2071 800 2135 rau.‘1)totdisexpsr·
836 2070 887 2120 uo.'
920 2069 996 2123 Quod
1018 2077 1103 2120 autem
1123 2070 1210 2120 Zoilus
1230 2071 1285 2120 vnit
1305 2069 1365 2134 legi,

268 2148 429 2203 tieandenti
450 2148 546 2198 ioniae
566 2145 682 2196 tinctus:
722 2147 799 2197 Hane
835 2145 1365 2210 sententiamotata,iiiiaeqeeuideri,t'erri

269 2225 475 2278 emendationem
487 2223 562 2272 initio
574 2221 661 2272 Zoilus
670 2223 798 2287 probavit,
835 2235 885 2272 uon
896 2229 994 2285 potest.
1014 2222 1073 2270 Non
1084 2222 1152 2272 euim
1162 2223 1309 2284 dubitatur,
1321 2229 1366 2272 ant

270 2310 330 2368 nost
340 2301 441 2366 rejecit,
458 2305 486 2349 et
504 2299 644 2362 vulgatam,
660 2314 717 2362 qnae
734 2297 797 2349 ferri
835 2297 968 2362 quaritur,
978 2298 1142 2361 quantusSoi
1153 2299 1224 2347 illiue
1235 2298 1365 2358 rideatur,

269 2380 339 2430 aurito
349 2378 425 2428 modo
438 2383 535 2439 potest,
544 2380 568 2424 et
583 2374 745 2438 tomsstgeut,
757 2390 797 2425 re·
835 2372 880 2422 sed
897 2381 1008 2437 quantus
1025 2373 1094 2435 hine,
1110 2372 1135 2421 id
1152 2381 1192 2422 est
1203 2387 1236 2422 ex
1248 2375 1306 2423 loeo
1319 2374 1363 2424 nbi

268 2455 363 2504 stituit.
386 2453 469 2502 inni.
503 2453 536 2500 Et
554 2452 721 2514 iuenfsigeat.
753 2453 797 2502 Ita
833 2463 928 2500 snmus.
960 2451 1012 2500 Sed
1033 2453 1105 2514 piget
1122 2465 1164 2501 me
1178 2451 1363 2516 haneiueptis·

269 2537 322 2580 eet.
334 2529 392 2580 iibri
408 2541 506 2590 omues,
523 2535 551 2576 et
570 2528 639 2590 vulg.
651 2527 721 2577 Maia
733 2542 796 2592 ergo
832 2527 920 2576 simam
932 2527 1070 2577 lectionem
1082 2525 1212 2590 refellere,
1228 2541 1275 2577 sua
1287 2541 1363 2592 spou-

269 2605 418 2664 Lambinus‚
440 2606 545 2666 tingant.
577 2603 646 2653 Vide
667 2603 795 2656 Iudicem.
834 2609 860 2652 te
880 2601 1035 2666 confossam,
1057 2611 1086 2653 et
1105 2604 1252 2666 jacentem.
1276 2605 1361 2654 hai.

269 2681 357 2741 Gi‘un.
390 2682 425 2730 Et
443 2683 492 2730 ioca
513 2682 619 2743 fingant.
636 2680 698 2738 Atii,
712 2687 735 2729 et
746 2683 796 2730 locu
832 2679 875 2728 Sic
888 2679 978 2728 Lamb.
998 2694 1013 2729 e
1033 2681 1148 2742 vestigiis
1168 2681 1220 2730 Ma.
1237 2681 1305 2729 iiam.
1317 2695 1362 2744 op·

260 2759 368 2820 ment.
402 2758 438 2806 Bt
456 2771 530 2808 versu
550 2757 670 2819 aequanti
679 2756 797 2821 filumque
833 2754 904 2804 time.
926 2769 1036 2820 namque
1057 2756 1094 2806 ite
1115 2755 1177 2804 aiibi
1200 2756 1307 2806 Lueret.
1327 2757 1362 2806 ai.

266 2832 422 2882 Lambinus:
445 2831 497 2882 rid.
517 2831 796 2896 ss.581.dumruig.
831 2831 936 2881 abtim.
954 2833 1049 2883 Faber.
1084 2831 1289 2894 intrumentum
1316 2831 1360 2882 die

265 2907 377 2958 miliae:
397 2915 424 2956 et
436 2904 555 2956 Gifauins
570 2906 682 2970 titianae,
702 2907 718 2954 i.
730 2921 754 2956 e.
765 2909 796 2958 it·
832 2907 935 2957 testitui
948 2921 980 2956 ex
991 2915 1044 2958 vet.
1056 2907 1144 2969 tibrim
1155 2907 1282 2973 inquibus
1295 2915 1360 2972 erat,

264 2983 364 3047 iiam
382 2982 497 3032 Frustra.
520 2980 623 3031 &itione
636 2981 795 3033 antemferri
830 2983 950 3047 iustoque,
974 2984 1092 3047 illincque.
1124 2984 1203 3048 vulg.
1230 2985 1361 3048 immone.

266 3064 365 3123 potest,
376 3073 435 3110 enm
447 3072 484 3108 vs.
494 3061 551 3107 ddi.
563 3056 671 3122 legimus
689 3057 795 3108 ‘Tanta
831 3059 981 3123 Lambinus,
990 3059 1097 3110 sublime.
1109 3058 1204 3109 Omnia
1215 3059 1293 3108 maie.
1307 3057 1360 3118 Gis.

264 3135 451 3186 hinotideatur
463 3130 571 3184 iuaito!
589 3133 685 3182 creet.
849 3132 910 3185 'did
925 3137 1018 3186 Addere
1041 3135 1106 3198 uere]
1141 3135 1203 3184 Duo
1225 3134 1285 3184 libri
1306 3149 1360 3184 ma-

297 3215 345 3262 tii
371 3211 458 3272 Debet,
472 3209 590 3274 filumque
615 3207 703 3271 nidera]
728 3210 793 3260 Cum
829 3224 914 3260 numu.
936 3209 1043 3273 habent,
1064 3211 1150 3260 addere
1170 3209 1240 3260 umis.
1267 3210 1358 3260 Lami.

263 3299 357 3349 magua
374 3291 445 3334 esset
460 3286 508 3333 hoe
523 3286 580 3334 ioco
598 3285 733 3348 scripturae
751 3300 793 3333 va·
829 3287 861 3336 Iu
871 3287 1024 3351 quibusdam
1037 3293 1088 3336 set.
1099 3287 1171 3336 rem.
1188 3283 1243 3335 Gis.

264 3363 355 3420 rietes,
372 3361 466 3425 aliique
482 3357 586 3408 codices
603 3360 739 3423 habereut,
751 3364 792 3411 de-
862 3367 910 3412 did
927 3363 1098 3425 Insoqaess'ue
1115 3363 1184 3411 soem
1195 3363 1277 3422 seriae
1295 3361 1358 3425 ineo]

263 3437 311 3496 bei.
321 3436 417 3498 t'lit'flttte
426 3435 522 3491 ridere,-
535 3434 588 3494 sin,
599 3435 719 3497 laneaque
728 3438 792 3486 eide-
829 3439 909 3490 Notio
919 3438 1014 3495 iumine,
1033 3437 1051 3486 i.
1063 3453 1087 3488 e.
1105 3439 1163 3487 ineo
1181 3451 1231 3487 uon
1244 3451 1301 3498 sna,
1312 3438 1358 3487 sed

262 3515 287 3563 ri
294 3529 303 3571 ‚·
315 3513 369 3574 aiii,
379 3514 484 3574 tensaque
495 3511 570 3560 rideri
579 3526 588 3567 ,·
598 3512 652 3572 aiii,
663 3514 774 3576 itinerque
781 3530 791 3572 ,·
828 3513 911 3564 aliena
921 3530 927 3563 :
938 3527 996 3579 quae
1006 3522 1047 3562 est
1055 3513 1144 3577 opinio
1156 3513 1358 3577 probabilior‚et

263 3590 431 3653 nihilumque
446 3588 538 3644 sideru
554 3601 602 3650 ego
618 3588 678 3638 oiim
694 3589 791 3640 midine
827 3591 860 3640 ab
871 3591 988 3640 omnibns
998 3588 1054 3638 iere
1068 3597 1183 3653 recepta.
1216 3589 1355 3639 Eti'estns

260 3681 435 3733 reponerem.
467 3663 789 3716 Hennenimseutentiam
827 3668 852 3716 iu
877 3680 940 3716 soce
960 3664 1082 3727 ‘muium'
1100 3664 1165 3714 duas
1182 3679 1275 3715 censae
1295 3663 1356 3715 affe·

261 3743 377 3796 Lateratii
387 3755 444 3791 esse
455 3737 645 3800 existimabam,
662 3747 742 3804 atque
754 3743 790 3791 ita
827 3755 894 3800 rens,
904 3741 1070 3806 quemobrem
1088 3742 1172 3791 moins
1189 3743 1308 3792 uehiculo
1320 3743 1357 3792 iu·

260 3823 329 3870 haue
342 3818 480 3869 lectionem
496 3816 604 3865 tuebar:
617 3818 735 3880 qnoniam
746 3835 788 3868 ea·
826 3831 867 3867 na
879 3817 1041 3878 adhibeatur,
1050 3817 1117 3867 haue
1125 3815 1199 3882 potuit
1207 3819 1354 3877 secundam,

258 3899 298 3948 ier
309 3897 371 3946 sotis
382 3894 415 3945 sd
427 3901 650 3943 eensomuostrum
660 3895 789 3956 pervenit,
826 3892 895 3959 quod
917 3895 978 3942 muli
998 3907 1047 3943 non
1064 3909 1097 3943 ex
1120 3908 1167 3943 suo
1186 3908 1291 3958 genere,
1308 3895 1354 3946 sed

260 3972 398 4038 lumenque
417 3983 464 4019 sno
481 3967 593 4018 caudore
607 3968 664 4018 loca
675 3970 791 4032 complet
826 3985 858 4020 ea
871 3969 942 4033 equis
953 3969 1079 4020 oriantur.
1096 3969 1192 4020 Catnii.
1211 3983 1290 4020 earm.
1300 3969 1354 4019 Sa·

262 4055 341 4114 atqtte
358 4048 486 4108 iliustrat3
503 4045 629 4111 seqnitur,
640 4059 672 4095 ex
687 4046 727 4094 his
737 4045 788 4095 ior·
826 4047 877 4098 cul.
893 4046 950 4094 ‘Tu
969 4057 1061 4109 potens
1078 4045 1175 4106 Trivia,
1190 4051 1217 4096 et
1228 4047 1308 4096 notho
1325 4060 1353 4096 es

259 4137 326 4173 mauu
348 4125 426 4173 etiam
444 4122 505 4171 sotis
526 4136 576 4172 non
590 4123 748 4173 imminutum
761 4125 786 4172 in
825 4123 904 4174 Dicta
914 4122 1010 4172 lumine
1024 4121 1113 4172 Luna!
1130 4123 1205 4184 Virg.
1217 4123 1316 4187 Georg.
1330 4126 1354 4172 1.

259 4199 324 4248 oaeio
333 4213 366 4249 ex
385 4207 456 4249 terra
467 4213 481 4248 a
493 4200 566 4250 nobis
583 4199 674 4251 videri.
690 4201 787 4251 saurim
824 4202 882 4248 titt.
896 4201 904 4228 ‘
916 4199 973 4250 Nec
985 4197 1074 4248 fratris
1086 4198 1164 4248 radiis
1176 4198 1288 4248 obnoxia
1301 4213 1355 4248 sur·

260 4279 356 4337 antem,
378 4273 395 4323 i.
409 4285 434 4324 e.
454 4274 479 4323 iu
496 4275 559 4337 aito,
570 4288 615 4323 sen
626 4275 653 4323 in
664 4275 785 4326 sublimi:
824 4290 886 4339 gere
903 4275 993 4326 Luna!
1017 4275 1055 4325 Μ.
1077 4274 1147 4326 Tuli.
1165 4273 1210 4328 tit.
1228 4279 1253 4324 2.
1268 4273 1302 4324 de
1319 4275 1353 4326 N.
