2996 4888
287 950 612 1046 NOTITIA
662 959 1097 1052 LITERARIA

640 1169 644 1178 ’
671 1185 717 1232 us

396 1341 449 1418 T.
477 1343 784 1422 succurro
815 1348 996 1444 cunc,

217 1509 263 1560 ux
279 1513 328 1566 Jo.
346 1515 828 1571 suu.nsnnsc1ru1unrou1ncr
845 1521 969 1572 nunus
988 1521 1175 1582 uxccnrrr,
1290 1489 1293 1496 ⁴

417 1605 499 1655 rou.
515 1607 538 1655 1.
554 1607 627 1658 cnr.
643 1615 668 1661 s.
686 1609 741 1663 nn.
758 1609 894 1660 munst.
911 1615 983 1662 uss.

568 1935 704 1998 Lucretii
718 1935 816 1996 AEtcs.

141 2049 195 2123 T·
211 2061 411 2123 Lucnursus
431 2063 560 2133 Cunus,
583 2063 676 2140 patris
694 2071 726 2122 nt
748 2061 865 2123 videtur
888 2063 1050 2138 Romanus,
1072 2075 1157 2124 ustus
1180 2073 1236 2138 est,

142 2167 219 2220 teste
243 2159 380 2230 Eusebio,
403 2159 526 2237 Olymp.
555 2169 621 2229 171.
643 2167 672 2219 0.
695 2177 773 2220 nuno
795 2159 833 2218 U.
855 2159 891 2218 C.
911 2160 981 2230 659.
1001 2169 1069 2220 onte
1088 2161 1236 2222 Christum

141 2262 194 2324 95.
227 2255 355 2314 ‘Postea
376 2253 515 2313 amatorio
539 2254 668 2330 poculo¹
690 2255 720 2313 in
742 2252 867 2312 furorem
892 2273 1004 2325 versus,
1033 2275 1099 2315 cuns
1122 2255 1237 2333 aliquot

139 2339 232 2410 libros
257 2369 309 2428 per
329 2350 480 2410 intervnlln
500 2348 634 2410 iusnniae²
655 2349 889 2428 conscripsisset,
910 2368 985 2428 quos
1005 2360 1111 2429 postes
1129 2351 1236 2412 Cicero

140 2443 321 2518 emendavit,
337 2445 456 2523 propriu
471 2463 501 2504 se
523 2463 611 2503 rusuu
631 2443 776 2504 interfecit
799 2463 876 2504 nuno
898 2445 993 2504 oetstis
1015 2445 1236 2526 quadragesimo

142 2550 257 2619 qnsrto,
272 2541 311 2600 U.
332 2541 368 2600 C.
390 2539 474 2608 703..Ι
496 2548 564 2598 snte
588 2537 736 2599 Christum
759 2546 808 2600 51.
841 2539 1036 2618 Philosophus
1059 2541 1097 2601 de
1118 2541 1236 2619 Epicuri

141 2636 246 2696 schola
258 2635 448 2707 acutissimus,
463 2653 550 2713 quem
566 2634 616 2712 qui
629 2633 740 2712 legunt,
754 2635 894 2708 videntur,
917 2645 951 2696 nt
965 2653 1015 2696 tx.
1031 2645 1061 2699 3.
1081 2640 1124 2698 nit
1138 2639 1236 2698 Vitru-

141 2732 218 2804 vius,
232 2751 300 2792 cnm
314 2751 351 2790 eo
365 2732 445 2791 velut
459 2749 559 2791 corsus
573 2729 720 2790 deserum
734 2741 840 2790 ncturs
853 2731 1022 2810 disputare:
1044 2741 1130 2811 poitu
1146 2735 1238 2796 subli-

141 2829 209 2902 mis,
224 2828 361 2909 idemque
374 2829 493 2907 elegans
507 2837 536 2887 et
551 2827 649 2886 multoe
662 2827 731 2890 artis
752 2828 911 2888 luminibus
933 2829 1041 2907 pictus,
1063 2849 1099 2889 sc
1122 2831 1235 2892 lstinae

140 2923 250 3005 lingna
262 2935 368 2986 suctos
380 2925 525 3004 egregius.
546 2926 593 2984 De
608 2923 665 2983 hoc
680 2925 792 3003 caspar
805 2925 934 2986 Barloeus
948 2926 1001 2986 lib.
1017 2943 1056 2986 tt.
1071 2927 1195 2989 Miscell.

264 3022 321 3082 llic
336 3022 440 3081 Pboebi
450 3020 545 3093 furiis,
560 3019 699 3098 furiisque
713 3020 818 3080 exussit
831 3022 954 3081 Orestis.

302 3119 399 3186 Quom
416 3125 536 3195 proestnt
550 3117 622 3177 solis
637 3115 786 3175 versiculis
801 3113 912 3175 iurerel

183 3213 319 3293 Scriptus
332 3214 399 3273 vitre
413 3212 535 3290 Virgilii,
555 3233 592 3272 eo
613 3211 674 3282 die,
692 3228 753 3288 quo
775 3218 872 3287 tognnr
895 3209 1005 3271 virilem
1020 3213 1123 3273 sumsit
1138 3215 1235 3286 Maro,

141 3311 263 3390 periisse
277 3309 445 3370 Lucretium
459 3317 581 3368 teststur
593 3311 633 3386 (s.
650 3308 686 3368 U.
702 3306 737 3366 C.
752 3303 854 3378 698.):
876 3306 952 3366 ‘Alii
967 3307 1070 3368 eodem
1091 3309 1152 3380 die,
1175 3331 1235 3390 quo

141 3416 229 3468 ustus
242 3415 288 3466 sst
306 3405 452 3482 Virgilius,
474 3403 583 3464 obiisse
606 3402 722 3462 serunt:
745 3411 777 3461 et
799 3401 904 3479 uliquis
919 3403 1118 3483 Pythsgorens
1132 3409 1236 3468 credas

142 3501 273 3561 Lucretii
286 3501 409 3560 animum
432 3500 461 3558 in
484 3498 614 3558 Maronis
633 3517 740 3576 corpus
762 3497 919 3564 transiisse.
942 3498 1041 3578 ibique
1067 3499 1155 3579 longo
1180 3521 1234 3562 usu

139 3606 171 3658 et
184 3597 277 3657 multo
291 3595 389 3656 studio
403 3594 601 3666 exercitatum,
616 3601 732 3672 poiitssn
747 3591 989 3670 perfectissimum
1010 3595 1145 3655 evasisse.
1186 3601 1234 3656 An

175 3793 186 3820 ¹
204 3789 291 3839 Eussb.
307 3789 396 3840 Chion.
412 3787 513 3864 Prosper
534 3787 559 3835 iu
580 3787 669 3838 chron.
707 3800 755 3852 quo
771 3801 840 3836 sensu
856 3788 926 3838 eursu
937 3788 1036 3838 Statium
1047 3786 1157 3850 intelligit
1175 3787 1233 3836 liss-

141 3855 289 3918 Pomponius
298 3853 398 3902 Sabinus
407 3852 438 3900 sd
449 3852 516 3930 ch.
527 3851 614 3918 Georg.
625 3867 668 3903 ιιι.
707 3851 779 3908 thius,
790 3852 831 3914 qui
841 3853 871 3900 sd
883 3853 935 3917 ejus
945 3854 1015 3902 verbs
1024 3851 1187 3908 contemnum,
1205 3851 1233 3900 T.

140 3923 199 3970 200.
209 3919 374 3982 hippocrenem
386 3915 471 3964 bibisse
481 3923 522 3966 su.
707 3929 727 3964 s.
738 3931 762 3978 p.
774 3919 823 3965 26⁰
832 3931 885 3980 sqq.
898 3917 937 3964 ubi
946 3924 1048 3964 veterum
1059 3915 1112 3963 loos
1120 3929 1174 3962 cnm
1183 3915 1234 3964 lun·

174 3983 188 4011 ²
204 3979 259 4030 lloc
269 3984 306 4029 vis
318 3980 429 4030 credibile
437 3980 494 4028 mihi
502 3980 601 4028 videtur.
616 3976 668 4027 Nc·
706 3979 812 4026 dsntinrn
836 3981 875 4028 vol
899 3980 1032 4029 testimonio
1057 3978 1110 4042 ejus
1134 3977 1234 4028 libcntcr

139 4062 188 4158 pus
207 4062 236 4095 eo
257 4045 372 4110 respicens
397 4051 478 4108 putem
504 4043 603 4093 Surium
628 4043 668 4092 lib.
708 4043 832 4092 utmsium.

155 4111 213 4176 ylrs
232 4125 263 4158 rr.
278 4115 302 4159 t.
321 4110 346 4156 in
361 4108 436 4156 verbis
450 4123 484 4156 vs.
494 4112 535 4158 70.
552 4114 593 4156 ‘et
604 4105 667 4154 docti
740 4105 1066 4156 ³Tricnniocitiusmortsns
1076 4105 1178 4154 Lucretii
1196 4121 1234 4156 ss·
1325 4099 1327 4104 ’

139 4175 298 4223 lurorssdnns
314 4171 434 4222 Lucretii!
460 4171 586 4221 Pobtsrum
603 4170 667 4220 enirn
707 4170 784 4234 signet
793 4169 827 4220 Is.
838 4169 938 4218 Vossius
949 4185 974 4233 p·
985 4172 1067 4222 Smd
1080 4169 1233 4230 Cstnllusn,s

140 4240 204 4287 tutor
223 4238 355 4293 lsndsbills,
369 4236 540 4296 ἐνθουσιασμός.
563 4233 610 4282 Pro
630 4249 666 4282 sr-
705 4233 887 4300 Scriptorsvitss
898 4233 999 4299 Virgilii.

139 4303 189 4352 duo
206 4301 350 4352 ‘difficilcrn'
368 4301 402 4350 sit
416 4300 575 4358 Quintilisnus
594 4314 620 4348 x.
640 4304 664 4349 l.
