2988 4880
258 357 346 428 1718
399 373 592 426 recussus
617 371 829 423 sururosurr
854 373 887 422 v.
911 373 1087 423 nocnurrr
1111 377 1218 425 csur.

302 519 560 590 Observationes
579 517 622 584 ud
635 517 676 584 Τ.
691 516 839 584 Lucretii
853 517 994 584 Germeu'
1006 518 1048 584 de
1070 517 1202 584 Rerum
1216 516 1351 586 Notum

260 625 397 712 scripsit
409 621 521 690 'Iruuu
541 621 830 700 Frid..Benedict,
852 620 1168 688 Armnment.1815.
1213 620 1353 706 Optimo

260 727 397 795 andiunt
409 725 464 791 hoc
479 720 753 801 Observationes,
775 724 915 792 adeunt
927 743 1012 809 segre
1025 723 1131 791 ierant
1152 723 1218 790 viri
1241 723 1354 790 critici

260 849 319 898 ess
331 846 400 894 non
413 828 501 892 ultro
512 825 598 892 duos
610 827 713 892 libros
728 826 885 909 protrahi.

302 929 496 1013 Descriptio
510 928 707 1012 pestisque
723 926 869 994 Atticum
885 926 1083 1006 devastavit,
1093 947 1138 994 ex
1147 927 1354 996 Germanica

259 1033 412 1099 versione
436 1029 577 1108 Kuebel,
605 1028 785 1114 seperatim
811 1029 900 1095 edito
920 1034 973 1096 est
992 1051 1015 1096 n
1035 1029 1059 1096 J
1063 1076 1074 1095 .
1088 1029 1127 1096 C.
1141 1029 1189 1095 V.
1201 1029 1355 1111 Meister,

261 1135 313 1202 Μ.
330 1135 375 1202 D.
391 1152 468 1200 cnm
485 1132 722 1198 commentario
742 1131 787 1196 ad
807 1131 1007 1198 medicinam
1022 1137 1056 1198 ct
1066 1131 1287 1216 philologiam
1303 1143 1354 1201 et-

261 1239 395 1304 tiuente.
440 1233 521 1300 Hoc
547 1252 635 1319 opus
649 1234 732 1299 bene
746 1233 863 1300 ondit:
886 1234 942 1299 cui
958 1233 1008 1300 tit
1051 1233 1095 1300 Τ.
1110 1233 1259 1300 Lucretii
1271 1233 1354 1301 Curi

262 1335 556 1420 Schnnergomoide
569 1334 628 1401 der
651 1333 848 1420 Kriegspest
860 1333 894 1400 in
909 1331 1037 1413 Attico,¹
1051 1333 1237 1402 anlichav.
1254 1337 1354 1405 1816.

261 1439 337 1508 Bvo.
352 1438 430 1524 moi.

303 1542 344 1607 Τ.
358 1541 505 1608 Lucretii
520 1539 610 1621 Curi,
623 1541 664 1606 de
679 1539 803 1607 Rerum
818 1539 960 1619 Natura,
984 1539 1077 1606 Libri
1092 1559 1166 1620 sex,
1187 1559 1235 1606 ex
1258 1541 1358 1608 editi-

262 1664 325 1712 oue
338 1642 484 1712 Giiberti
497 1642 697 1723 Wakefield,
708 1642 754 1709 A.
766 1643 809 1709 Β.
832 1641 941 1709 [rond.
955 1641 1177 1709 18211811).
1219 1643 1356 1711 Toxius

262 1742 372 1812 nudus
386 1751 543 1810 occurete
554 1764 711 1810 excusus.

306 1845 411 1914 Nulla
425 1845 572 1912 Lucretii
583 1845 694 1912 versio
716 1843 907 1929 Hispanico
918 1845 973 1910 vei
987 1845 1185 1912 Lusitouica
1197 1849 1272 1912 est:
1295 1845 1356 1912 sed

263 1949 464 2016 imitationes
478 1947 593 2014 multoe
607 1947 835 2025 snutvividae,
862 1943 1020 2032 slopan
1044 1945 1215 2031 deVegn,
1238 1949 1357 2018 Garoi-

263 2051 359 2116 lesso
375 2050 418 2115 de
432 2048 468 2113 lu
481 2047 591 2133 Vege,
607 2047 741 2127 Ercills,
751 2054 786 2114 et
797 2047 976 2126 Cumoeus,
1000 2047 1042 2114 de
1064 2049 1188 2134 quibus
1202 2051 1360 2121 cousula-

264 2160 319 2221 tur
340 2152 502 2236 Anglicus
516 2151 663 2218 Lucretii
678 2152 853 2236 interpres,
877 2149 901 2216 J
903 2193 912 2212 .
921 2148 972 2215 Μ.
987 2149 1100 2216 Good.
1143 2151 1360 2237 H'mpunicm

265 2257 379 2332 etiem,
403 2251 595 2332 Fruchellu,
625 2251 901 2336 commentorium
928 2251 1160 2321 elucubratum
1183 2253 1221 2320 iu
1247 2253 1361 2339 lingua

265 2357 454 2426 Oestilianc
478 2356 663 2435 contexuit,
687 2357 806 2422 inito.
821 2354 877 2422 cui
898 2353 950 2422 tit
991 2355 1187 2441 Spositione
1211 2355 1249 2422 di
1273 2361 1360 2424 tutis

263 2459 391 2546 i’opers
404 2459 440 2526 di
454 2457 623 2525 Lucretio.

301 2562 450 2646 Grsyius
463 2568 578 2626 noster
585 2559 748 2644 Augiicus
762 2555 868 2644 potita
882 2559 989 2646 pluris
996 2558 1113 2626 inbuit
1121 2555 1361 2648 cormius'quoe

265 2665 343 2748 ipse
358 2662 472 2727 lutino
486 2661 625 2745 scripsit
637 2678 740 2746 quom
753 2679 829 2745 qum
844 2660 980 2744 scripsit
1005 2657 1156 2744 Augiice,
1167 2663 1362 2749 multusque

264 2765 329 2832 init
341 2765 377 2828 in
390 2762 652 2828 Imitutiouibus.
676 2762 768 2827 Inter
781 2761 1037 2829 commentarios
1049 2761 1090 2828 de
1102 2760 1188 2830 Vita
1200 2771 1235 2830 et
1248 2766 1363 2852 Scrip-

266 2867 311 2934 tis
321 2863 396 2949 ojus
410 2884 433 2929 n
444 2862 613 2928 Gulieimo
623 2861 762 2944 Mosou,
772 2862 816 2930 Δ.
830 2863 881 2930 Μ.
896 2864 1026 2950 publici
1034 2862 1120 2949 juris
1134 2864 1259 2946 iactos,
1272 2857 1364 2934 inve-

267 2965 388 3036 niende
402 2968 482 3031 sunt
501 2962 733 3048 Philosophici
747 2964 846 3030 simol
860 2970 895 3032 et
907 2963 1070 3048 elegantis
1083 2961 1254 3050 podmeti's
1272 2969 1362 3054 frng-

267 3075 389 3146 meuto,
416 3067 469 3132 De
484 3065 665 3149 Principiis
680 3064 881 3150 cogitandi:
904 3073 938 3133 et
961 3067 998 3132 in
1021 3069 1174 3134 versibus
1188 3070 1262 3136 suis
1276 3073 1362 3156 poli·

268 3171 364 3238 endis
379 3187 447 3236 non
460 3167 546 3234 adeo
561 3168 713 3253 seqnitur
723 3167 888 3254 Anglicus
902 3168 1016 3236 Poto
1024 3168 1217 3254 Virgilium,
1242 3179 1362 3242 utnon

268 3272 371 3338 simul
406 3269 597 3335 Lucretium
630 3271 784 3338 imitetur.
834 3272 1014 3352 Praetereo,
1049 3272 1155 3339 iormn
1192 3275 1363 3358 podmstis

266 3372 314 3460 (si
336 3370 439 3436 modo
453 3371 506 3436 vir
527 3370 732 3437 nimisievis
760 3377 794 3438 et
820 3373 1016 3440 fastidiosus
1036 3373 1081 3440 ud
1105 3375 1301 3444 umbilicum
1328 3381 1363 3446 id

268 3468 497 3560 perduxisset)
516 3477 551 3537 et
569 3470 672 3538 multu
694 3472 862 3540 vocabule
884 3481 963 3540 suut
985 3494 1069 3562 pure
1094 3471 1311 3544 Lucretiam:
1333 3487 1364 3546 et

269 3581 308 3642 ut
335 3573 510 3640 Lucretius
538 3571 778 3658 philosophum
809 3593 908 3640 sunm
935 3581 969 3644 et
1000 3577 1132 3655 ducem,
1165 3577 1209 3644 de
1236 3577 1363 3646 Rerum

271 3675 405 3744 Nature
432 3691 569 3750 comus,
606 3675 673 3742 sibi
699 3678 879 3761 proposuit
910 3678 1104 3762 Epicurum,
1134 3678 1228 3746 houd
1265 3682 1364 3750 aliter

269 3776 428 3864 Grnpius,
455 3771 498 3838 de
526 3771 707 3860 Principiis
735 3775 915 3862 cogitandi
948 3799 1077 3847 cnrmeu
1105 3783 1364 3870 compositurus,

269 3881 421 3966 sequitur
433 3893 588 3962 mqnunr
596 3873 757 3944 Veritatis
771 3879 993 3962 sacerdotem,
1006 3883 1031 3950 J
1032 3901 1173 3949 oannem
1187 3881 1362 3978 Lockium.
