3006 4880
260 412 294 461 r.
320 411 498 462 uncuuuu
523 409 612 462 cunt
637 414 687 464 uu
711 411 843 464 usuum
867 415 956 464 unu.
981 415 1055 468 um,
1073 417 1107 463 v.
1151 399 1237 466 root

144 551 308 616 hoeeoelum,
321 553 414 620 lnquit.
435 553 675 617 aioiinuins,‘As·
712 556 776 605 lenti
803 569 886 605 rerum
909 563 1038 621 gestarum
1061 558 1183 608 memoria
1206 571 1239 607 ne

145 633 204 695 pica
221 631 272 680 hoo
288 631 399 681 sublime
416 633 537 694 caudens,
551 647 625 696 quem
636 633 675 682 in·
712 629 807 680 Grues
817 631 920 695 quidem
936 640 1011 683 extet
1026 633 1149 682 historia?
1170 634 1239 684 Nam

145 711 239 756 ruunt
258 720 348 756 omues
366 706 478 759 lovem!
499 709 583 758 Inui.
616 709 675 758 Vsa.
712 717 790 767 snpra
810 707 915 769 Ninum,
931 723 947 756 n
966 721 1017 772 quo
1037 707 1183 758 Semiramis
1200 721 1239 756 ae·

145 785 169 831 8.
197 781 257 832 iilos
279 780 388 844 refutat,
406 783 451 847 qni
468 785 554 833 omnia
575 798 590 832 e
610 785 675 834 coelo
712 781 823 832 cundum
832 783 953 845 quosdam
965 784 1082 834 ereditur
1091 793 1238 848 procreata,

145 856 218 917 oriri,
226 864 255 907 et
265 857 293 907 iu
303 859 397 908 emtum
408 860 501 908 iterum
514 860 607 910 resolvi
619 875 675 910 ren·
711 856 776 906 nihii
785 859 934 920 praeoiarum
944 860 971 910 io
980 860 1058 910 libros
1069 862 1176 911 relatum
1188 867 1238 912 eat.

146 931 360 992 [influentium
372 934 560 998 coeitrmipqnm
574 935 675 984 immor.
712 931 820 982 sienim
836 935 868 984 tib
885 935 966 998 inillis,
987 935 1038 985 imo
1057 945 1118 986 81118
1137 937 1238 988 initiunt

145 1007 236 1057 uiuet
248 1003 517 1070 aternumamrum
535 1011 674 1074 namqnod
712 1004 763 1056 fuit
785 1007 906 1071 mundus,
926 1017 955 1059 ut
974 1010 1119 1075 philosophi
1141 1012 1239 1076 volout,

145 1080 171 1128 iu
184 1081 248 1130 alias
267 1095 310 1131 res
328 1083 447 1147 vertitur,
467 1092 494 1134 et
510 1085 577 1150 quod
596 1100 629 1136 ex
644 1086 675 1135 iis
712 1093 760 1132 our
769 1098 817 1146 per
833 1085 1052 1136 innumerabilium
1064 1087 1155 1136 aeriam
1166 1101 1238 1143 seeu-

146 1156 224 1208 rebus
243 1157 336 1208 solutis
355 1165 491 1223 reperatur
506 1169 534 1212 et
551 1161 676 1223 relicitur,
711 1157 793 1208 lorum
814 1173 865 1209 non
887 1160 974 1211 iuarnt
991 1164 1084 1226 cuitus,
1103 1177 1153 1227 quo
1172 1178 1239 1212 nune

146 1231 442 1297 iduativumprorsmet
451 1238 566 1287 mortale.
580 1237 675 1286 Creecl.
712 1234 816 1297 utimur,
845 1237 973 1287 iuventus.
1016 1239 1074 1288 Nou
1105 1239 1238 1292 literarum

146 1307 276 1358 Pacuvius
297 1309 411 1372 Chrysea
434 1311 515 1362 ‘Hoo
536 1311 604 1374 ride,
626 1313 676 1362 cir·
712 1312 1240 1374 usus,qnosolomeororiaefulcituraeter·

146 1395 204 1432 eum
224 1398 354 1448 supraque
374 1385 442 1449 quod
459 1388 596 1451 complexu
615 1403 675 1440 eon·
712 1387 798 1436 nitas?
815 1389 989 1454 Cordeniqne
1000 1389 1138 1438 multarum
1154 1403 1237 1440 rerum

147 1459 214 1508 tinet
223 1460 340 1520 Terram,
349 1460 418 1524 qnod
430 1462 508 1512 nostri
518 1465 611 1513 eoelum
623 1477 676 1512 me-
712 1462 874 1525 experientia
884 1463 917 1513 ati
929 1465 1026 1529 aliquos
1038 1471 1127 1528 gentes
1139 1467 1238 1516 receuti

146 1535 677 1600 moraut‚Graiiperluilrentaethera30nid·
712 1545 791 1589 aetate
803 1543 936 1604 pervenit?
955 1541 992 1591 Ut
1000 1557 1061 1592 ecee
1069 1542 1139 1592 Galli
1150 1543 1238 1605 ritem,

148 1611 560 1678 quidestiuoomruniniauuimat,
573 1613 676 1677 format,
711 1616 753 1664 rel
772 1616 870 1664 cultum
891 1617 956 1666 oleae
976 1619 1056 1667 Rome
1066 1618 1123 1681 jam
1142 1619 1240 1668 adolea-

149 1687 208 1748 aiit,
218 1693 305 1750 anget,
321 1698 401 1752 serat,
413 1689 522 1753 Sepelit,
533 1693 675 1758 recipitque
712 1697 790 1740 cente
808 1690 970 1752 didicerunt3
1000 1693 1055 1741 alias
1075 1706 1136 1742 uero
1148 1699 1239 1756 gentes

148 1763 175 1810 in
195 1777 253 1812 sesa
270 1765 536 1830 nortmanniamque
550 1767 617 1816 idem
635 1771 676 1817 est
713 1765 795 1815 adime
807 1768 887 1816 multa
898 1768 1029 1826 nesciunt,
1040 1782 1097 1832 quse
1114 1768 1187 1816 uobis
1202 1769 1241 1818 iu·

150 1845 235 1902 pater.
269 1839 676 1906 ludidenrqueoadem‚qnaeori·
711 1848 789 1891 venta
812 1842 974 1904 placuerunt.
1008 1843 1074 1892 iisse
1094 1843 1179 1892 omnia
1204 1845 1241 1893 si·

149 1924 239 1976 untur,
250 1917 285 1965 de
303 1917 405 1980 integro
417 1933 491 1982 seque
506 1919 595 1968 eodem
608 1921 676 1970 oeci·
712 1915 806 1966 dentur
828 1919 969 1968 aeteruitati
999 1933 1154 1982 repugnare,
1178 1920 1239 1972 dum

149 1991 233 2041 dunt!
266 1993 349 2043 Quem
366 1999 478 2042 nostrum
496 1993 575 2046 fuisse
595 1995 677 2046 imita·
713 1991 811 2052 opinari
821 2005 867 2041 noa
877 1991 978 2044 faciunt
988 2001 1060 2044 certo
1071 1995 1158 2044 muntii
1170 1996 1240 2058 priu-

150 2073 205 2118 turo
216 2066 294 2116 docet
302 2067 421 2130 Scaliger
431 2068 463 2116 ad
475 2069 552 2118 Varr.
561 2069 594 2120 de
605 2071 636 2120 L.
644 2071 675 2120 L.
712 2067 781 2130 cipio
789 2067 1004 2132 singulaquaeque
1012 2069 1240 2133 eoepisae.’Creecit.

150 2143 443 2207 p.81.ubirideplura.
459 2145 525 2194 Huo.
746 2141 877 2205 Genitalis]
901 2143 1075 2207 Principialis,
1093 2159 1139 2194 seu
1154 2147 1240 2209 potius

181 2223 231 2270 880
241 2219 372 2283 Amplexa]
390 2219 503 2270 Ambitu.
515 2221 553 2270 Μ.
561 2220 630 2271 Tuli.
642 2235 676 2270 ex
713 2218 829 2281 gignens,
838 2227 884 2270 aut
893 2219 925 2268 ad
933 2220 1089 2284 gignendum
1097 2223 1240 2283 pertinens·
1329 2247 1332 2252 ·

150 2297 242 2360 Eurip·
267 2297 339 2349 ‘Qun
353 2305 445 2347 tenero
461 2303 556 2347 terram
568 2298 675 2348 circum·
712 2294 746 2344 de
758 2309 808 2359 qua
826 2310 890 2346 roeo
907 2309 965 2359 snp.
982 2295 1046 2344 satis
1065 2297 1147 2344 multa
1159 2300 1182 2345 1.
1200 2301 1239 2346 11.

151 2380 211 2423 esta
222 2371 409 2435 amplectitur!
425 2373 509 2422 hui.
712 2371 795 2421 haul.

183 2449 254 2504 Quod
263 2453 370 2512 moereat
381 2464 412 2498 aa
420 2448 458 2512 ae]
479 2450 619 2512 Tamquam
631 2462 676 2513 ps·
745 2449 792 2496 827
809 2446 890 2510 Sapra
901 2449 984 2498 bellan
998 2445 1142 2509 tutonem]
1158 2447 1240 2510 snpe.

151 2532 200 2574 ter.
217 2525 301 2575 lani.
714 2533 751 2582 ra,
762 2521 778 2570 i.
788 2535 914 2586 asopus:
932 2524 965 2573 tle
980 2537 1032 2587 quo
1049 2522 1111 2572 alias
1122 2523 1243 2574 diximus.-

182 2605 231 2651 ant
249 2601 451 2664 Demiuaitlsiet]
475 2601 676 2652 Siclmbeuteo.
714 2597 775 2646 Fuit
786 2606 873 2648 autem
891 2600 987 2650 bellum
1006 2599 1156 2648 'losbanum
1178 2602 1243 2652 anti·

150 2675 221 2726 diees
246 2689 372 2725 mananor.
394 2677 546 2740 Vaticanus,
564 2679 677 2730 Tettiau.
715 2675 789 2738 quina
800 2676 919 2739 Trojano.
938 2677 996 2738 lege
1011 2673 1129 2725 Macrob·
1146 2676 1190 2727 lib.
1202 2693 1242 2730 aa·

150 2751 244 2802 raim.
254 2752 360 2802 Mamm.
370 2753 469 2802 Berlin.
481 2755 550 2818 typis
562 2755 678 2819 impressi
715 2749 800 2800 tundo
809 2765 913 2802 morum.
926 2753 1048 2803 insomn.
1058 2751 1130 2816 Soip.
1144 2753 1243 2803 ubieu-

151 2843 223 2890 νοω,
234 2829 426 2880 Dininaitieiet.
442 2830 532 2880 Lamb.
552 2831 677 2896 Dominus]
715 2827 774 2878 dem
791 2827 847 2880 t'ere
865 2838 1019 2894 argumenta
1035 2831 1107 2894 leges
1119 2833 1243 2884 soranus

151 2902 196 2954 lta
216 2902 272 2952 sere
293 2904 352 2954 iibri
372 2912 425 2954 vet.
453 2905 589 2968 Marullus,
609 2909 678 2970 vulg.
715 2904 803 2954 mundi
826 2907 1006 2957 aeternitatem.
1033 2908 1117 2956 heri.
1160 2909 1243 2959 Panlo

152 2979 271 3029 Dimissi.
288 2977 376 3028 Git'an.
715 2980 847 3043 antiquina
863 2981 935 3032 clade
954 2982 1084 3044 Trojaus3
1101 2983 1188 3046 paulo,
1204 2985 1243 3034 iu-

184 3058 234 3104 886
263 3054 393 3116 Ρνω1σεα,
414 3056 437 3103 ai
458 3057 523 3105 asilo
545 3056 608 3118 snit,
627 3057 680 3120 lm]
716 3068 877 3118 quomrum
897 3063 1001 3104 constet
1021 3057 1143 3121 quostiam
1163 3056 1243 3106 dueea

151 3130 247 3180 Mundi
258 3131 358 3180 nouitas
370 3145 420 3180 rsa.
431 3135 469 3180 11.
482 3132 679 3195 probetur,tun1
717 3128 784 3180 ballo
793 3132 902 3194 Trojano
910 3131 1069 3192 interfuisse,
1082 3146 1190 3196 quorum
1201 3149 1245 3196 ps·

152 3221 187 3256 ex
206 3221 246 3264 eo,
266 3207 334 3270 qnod
354 3208 597 3258 historiaeourniuru
614 3209 679 3257 nuti·
717 3205 883 3254 tres‘rhebns
894 3206 1076 3268 oppugnarint.
1094 3205 1180 3255 Foier.

152 3283 281 3346 quissimae
296 3283 421 3333 Thebano
436 3292 481 3333 aut
491 3285 600 3347 'l'rojano
612 3284 680 3334 heito
748 3283 796 3330 881
814 3279 922 3343 Summo]
939 3281 1061 3331 Montius.
1076 3281 1183 3332 Iamliu.

152 3359 300 3421 superiores
310 3372 361 3407 non
372 3360 432 3422 aiut,
443 3367 536 3409 utesse
544 3360 679 3423 deberent,
749 3359 797 3405 884
815 3355 886 3404 Nune
903 3355 975 3405 etium
996 3355 1134 3419 mearant]
1163 3357 1244 3410 eudo.
1290 3371 1294 3392 -·

154 3435 175 3482 si
195 3434 304 3484 mundns
317 3432 394 3495 soret,
411 3449 461 3485 nou
481 3435 540 3485 dieo
558 3443 680 3498 aeternus,
717 3432 802 3482 ilatio.
820 3431 909 3494 habet,
926 3432 997 3482 Niso
1012 3438 1091 3482 osten
1109 3441 1245 3496 augeamur.

153 3511 444 3572 sedmuitoretnatior3
460 3512 680 3577 tumexeoquotl
718 3507 755 3558 tic
781 3507 919 3558 Demotlh·
946 3508 1063 3573 Philipp.
1091 3523 1169 3572 nona,
1187 3524 1245 3574 quas

152 3593 223 3638 artes
232 3600 322 3636 omues
334 3600 425 3637 reeens
441 3588 591 3637 adinventas
603 3587 680 3637 trabe·
718 3584 794 3648 vulgo
806 3583 884 3634 tertia
901 3585 1059 3648 inscribitur,
1069 3585 1115 3647 ait,
1125 3600 1182 3636 oum
1196 3587 1247 3636 alia

153 3677 221 3724 mus,
232 3661 360 3726 siqnidem
371 3662 490 3712 authores
506 3663 618 3714 omnium
629 3677 681 3712 me·
719 3661 799 3711 multa
808 3675 856 3712 sua
867 3668 946 3712 aetate
958 3662 1093 3713 immutate
1105 3669 1133 3711 et
1142 3663 1247 3711 meliora

153 3745 302 3799 morantem
319 3753 387 3799 eum,
398 3739 420 3788 si
431 3739 541 3788 muudus
553 3753 681 3804 nunqnam
718 3732 788 3786 iacta
804 3749 870 3797 ease,
880 3745 909 3787 at
920 3738 1042 3800 crevisse,
1057 3745 1111 3786 tuna
1123 3749 1154 3785 aa
1167 3735 1249 3784 maxi·

154 3815 288 3878 ooepisset,
306 3814 434 3864 deberent
451 3821 567 3875 artenao
579 3814 681 3878 potissi·
719 3825 760 3860 me
772 3795 872 3876 quesiti
885 3827 938 3861 rem
946 3811 1083 3862 militarem
1095 3810 1229 3874 pertinent
1240 3826 1247 3858 :

154 3906 223 3942 muas
245 3892 307 3941 vita
331 3890 416 3951 utiles,
435 3904 537 3954 semper
554 3891 681 3940 extitisse.
718 3888 781 3950 ’epi
792 3886 817 3936 til
827 3886 985 3949 trimos
995 3885 1050 3935 isos
1061 3885 1247 3940 tissimum&

155 3966 307 4018 Macrobius
335 3965 360 4013 itt
387 3965 473 4016 Semo.
501 3965 571 4029 Soip.
596 3970 621 4014 2.
643 3969 682 4014 1⁰.
720 3963 848 4026 εἰληφότων
863 3963 973 4026 trumo,
988 3961 1026 4010 nol
1045 3959 1247 4020 oiiirlpoiorln·

155 4043 241 4094 ‘Quis
258 4056 311 4090 nou
333 4040 393 4090 irino
412 4041 542 4090 existimet
559 4039 682 4088 muntium
719 4041 930 4089 ταντῶννΰντοῖς
943 4038 1061 4100 πρότερον,
1073 4034 1249 4096 ollirinuipas

157 4117 313 4182 quaudoque
324 4116 444 4179 coepisse,
462 4130 512 4167 uec
528 4116 630 4176 longam
642 4128 682 4163 re·
720 4112 802 4174 πλέον,
819 4113 835 4172 ἦ
852 4114 885 4163 ri
893 4115 938 4161 τοῦ
951 4109 1057 4172 πολέμου
1066 4113 1199 4170 κεκινῆσθαι
1208 4113 1249 4164 uui

157 4199 198 4243 tro
213 4194 290 4256 liujus
308 4199 494 4250 alstemum
513 4190 606 4240 abtum
617 4189 683 4238 oltra
720 4189 886 4240 &malornm
894 4197 922 4239 et
929 4188 1084 4240 Aristoteles
1091 4189 1249 4254 libmleilep.

157 4271 207 4326 duo
225 4279 298 4324 retro
316 4285 440 4322 annonem
458 4269 538 4320 millis
555 4269 587 4318 de
599 4269 683 4318 excel·
721 4273 747 4320 1.
757 4271 796 4319 11.
806 4267 852 4318 ubi
863 4267 967 4332 querit,
980 4274 1067 4318 utrum
1079 4265 1156 4318 urbes
1169 4267 1249 4317 muria
