2996 4888
251 381 353 461 Ι1646
617 401 723 450 auru
748 401 946 452 vsnrnnun
963 405 1013 453 ru

270 549 298 594 te
309 555 356 604 per
368 539 474 604 ambus:
484 544 534 590 doc.
560 540 724 592 1demlib.tl.
740 547 797 592 unu.
833 544 994 606 parationem
1011 545 1153 608 testitum,
1176 553 1207 596 ut
1228 547 1306 598 bomo
1331 546 1363 596 sd

267 617 334 666 ‘lile
346 619 410 666 riam
420 621 493 666 secat
505 615 538 665 ad
548 616 652 678 naveis:
662 621 710 668 duc.
722 617 796 666 ldem
833 621 967 682 mundum,
986 623 1023 671 ite
1037 623 1148 671 muudus
1158 621 1192 671 ed
1203 622 1364 672 universum.

270 694 314 744 lib.
327 699 364 744 12.
377 697 435 742 168.
452 693 796 756 ί8ἰο’1“ιιιιιιι,ιμιιιιιιιιιιμιε
835 695 933 745 Creerb.

269 771 336 820 riam
348 777 430 831 secat,
446 768 764 830 agminacedunb’lamals.
869 773 916 820 l’er
928 773 1022 832 scaeda
1040 774 1129 822 assatis
1150 779 1178 822 rt
1197 775 1293 835 AEtm,
1310 772 1363 836 dm]

302 846 403 908 liquido
413 843 483 907 pede]
498 844 589 894 Solent
601 843 686 907 pnite
698 844 796 892 tremori
834 849 842 874 ⁴
855 848 980 897 Fauceis’
991 851 1121 912 appellat,
1132 864 1197 913 quas
1208 849 1298 900 Graeci
1308 867 1363 912 ape·

268 920 361 971 fluenti
375 920 469 984 pedem
482 919 611 970 tribuere:
624 919 691 968 iden
699 933 730 968 eo
740 933 797 968 cre·
833 924 906 985 cipes
925 925 1068 985 nominent,
1079 934 1106 974 nt
1117 924 1188 974 idem
1201 925 1267 974 dicit
1279 925 1365 988 psallo

269 998 314 1058 dn,
325 994 479 1060 quodetiam
490 995 795 1058 currereaqoadicatnr:
836 1007 906 1061 post,
927 1005 985 1050 iot.
1009 1001 1059 1050 ‘ln
1079 1015 1178 1052 summo
1196 1009 1259 1050 sunt
1281 1003 1364 1052 renti·

269 1073 338 1138 quud
359 1073 415 1124 aine
434 1071 529 1134 pedum
551 1068 636 1120 officio
663 1069 720 1120 fieri
747 1083 796 1120 non
835 1075 1364 1139 genicularequttpsiNumistronem·

270 1164 346 1213 posse
374 1147 486 1210 videtur,
513 1160 544 1196 sc
567 1153 639 1196 'certe
657 1147 702 1208 jus
724 1161 796 1195 sunm
834 1163 898 1211 quas
926 1148 1026 1201 fauceis
1050 1151 1236 1215 perbibemun.
1253 1161 1282 1202 et
1303 1153 1365 1204 uras'

269 1225 352 1288 po'e'te
360 1231 460 1283 tenent,
469 1229 497 1272 nt
507 1221 716 1271 translationibus
725 1230 798 1271 utan-
834 1223 919 1272 Loesb.

269 1308 312 1348 tur
331 1299 463 1350 andaelns.
496 1299 588 1361 ltaque
608 1297 712 1359 scripsit
732 1296 797 1345 Hor.
865 1301 914 1347 nto
934 1299 1076 1362 Exspireal]
1098 1301 1271 1364 ‘Exspirent’
1292 1302 1364 1352 eben-

269 1374 353 1437 Epod.
374 1375 424 1424 Od.
444 1379 484 1423 tu.
494 1377 535 1422 ts.
553 1378 560 1402 ⁸
574 1373 651 1422 Levis
670 1379 796 1435 crepante
834 1375 889 1423 lnte
900 1375 1024 1438 positum,
1035 1383 1063 1426 et
1073 1376 1128 1426 sine
1138 1393 1203 1427 csso
1215 1379 1363 1428 menariae

269 1451 387 1513 Lympha
408 1449 497 1500 desilit
516 1447 600 1512 pede?
621 1455 648 1498 et
669 1448 744 1510 Virp.
770 1449 796 1496 in
834 1451 1023 1515 subsequente:
1048 1466 1098 1514 qno
1118 1452 1195 1501 modo
1216 1453 1282 1502 elias
1303 1455 1363 1517 poni

268 1525 347 1574 AEtns
362 1540 398 1574 rs.
408 1528 448 1574 lb.
463 1523 542 1586 ‘lpse
553 1537 599 1573 suo
616 1521 710 1572 flueret
729 1523 796 1572 Bac·
833 1527 910 1586 solet,
922 1535 950 1576 ut
969 1527 1014 1576 lib.
1024 1533 1049 1576 ἓ.
1066 1531 1124 1576 stt.
1145 1528 1300 1590 ‘Sanguinis
1318 1543 1362 1578 ex»

270 1600 425 1664 ebuspede!
440 1599 705 1650 resonaremus.
832 1603 934 1664 spirans
953 1603 1037 1654 calido
1058 1604 1092 1652 de
1117 1612 1224 1667 pectore
1249 1603 1363 1656 flm'

301 1681 351 1727 stu
368 1677 439 1736 Neu
456 1676 519 1726 rotis
538 1690 591 1738 pase
609 1673 653 1736 sit]
672 1673 750 1722 Nunc
763 1672 796 1722 de
832 1677 915 1727 lamb.

269 1751 358 1814 AEtna,
369 1752 465 1802 Siciliae
477 1757 573 1812 monte,
584 1755 611 1800 et
622 1749 656 1798 de
667 1750 721 1813 ejus
732 1749 797 1812 igul-
865 1757 913 1803 stt
931 1754 1014 1817 Neque
1024 1755 1087 1803 esim
1097 1754 1210 1804 medisde
1217 1754 1299 1818 clude]
1308 1755 1363 1806 llu-

270 1826 318 1877 bus
341 1828 472 1892 disputare
494 1833 578 1890 parat.
603 1826 687 1874 hmo.
707 1825 797 1876 ·Qno·
831 1829 876 1890 jus
888 1829 938 1878 loci
949 1830 1004 1882 heac
1014 1830 1073 1878 mihi
1083 1829 1251 1878 videturesse
1259 1838 1364 1880 sentes-

270 1904 337 1954 niam
349 1913 473 1965 meteone,
490 1910 566 1952 terre
583 1909 676 1964 motus,
687 1907 715 1950 et
727 1917 798 1966 qne·
836 1905 888 1953 tia:
906 1918 957 1952 non
969 1906 1036 1954 enim
1048 1918 1081 1952 ex
1093 1904 1180 1966 alique
1191 1903 1365 1954 cludemelia

270 1979 330 2033 dant
346 1981 422 2030 muris
434 1979 602 2041 pbtenomeua
626 1977 677 2028 sibi
696 1976 799 2028 videtur
835 1985 926 2029 coortu
942 1975 1054 2040 flamma,
1071 1992 1118 2042 per
1134 1979 1280 2028 Siculorum
1290 1993 1364 2042 egros

269 2057 333 2106 setis
351 2055 505 2119 explicasse,
523 2053 623 2118 reliqua
639 2051 798 2114 admirande,
836 2053 965 2118 divagata,
975 2055 1076 2118 qentels
1087 2053 1259 2104 admiratione
1270 2053 1366 2116 affecit,

269 2144 328 2194 quse
338 2130 447 2192 utiquam
456 2129 489 2178 de
500 2128 568 2184 ‚ntis
588 2127 799 2192 et,providentl,e
836 2143 886 2193 qun
897 2137 1013 2191 tempore
1025 2128 1075 2178 ille
1089 2129 1187 2178 corneis
1196 2129 1254 2178 celi
1265 2129 1363 2193 parteis

270 2205 416 2269 opinionem
435 2203 563 2265 facerent,
581 2203 753 2266 aggreditnrs
771 2209 799 2252 et
829 2205 978 2258 scintillare
995 2213 1143 2268 cernentes,
1162 2220 1321 2269 magnopere
1339 2221 1364 2256 e-

271 2283 379 2346 primnm
393 2297 442 2332 rsa.
453 2287 479 2332 6.
491 2281 524 2330 de
536 2281 621 2330 AEtnse
634 2279 735 2344 ignibus
747 2280 799 2330 dis·
836 2288 895 2331 rant
906 2281 1026 2334 sollicite
1039 2290 1117 2344 utque
1129 2281 1225 2344 anxiae,
1244 2281 1365 2332 dubitan-

271 2356 648 2424 pnuqqum‚llcetlnterdnm
664 2369 799 2419 erumpen-
837 2362 877 2407 tes
889 2355 1011 2420 quidnam
1030 2370 1115 2412 rerum
1134 2353 1260 2408 noverum
1275 2367 1365 2408 nature

272 2444 311 2483 tes
329 2435 443 2485 Siciliam
456 2439 603 2494 restarent,
614 2445 665 2482 non
677 2431 742 2480 sdes
754 2433 799 2482 de·
835 2437 1018 2486 meditaretur:
1029 2435 1075 2484 sed
1084 2441 1211 2486 exmnnte
1221 2436 1306 2486 AEtns.
1324 2434 1365 2486 lid

270 2511 360 2560 benum
376 2509 509 2574 admirari,
521 2515 551 2560 ot
567 2515 667 2558 naturae
679 2509 747 2558 vires
757 2524 798 2559 su·
835 2510 902 2560 bisne
920 2511 1005 2560 locum
1024 2511 1156 2572 pertinent
1175 2509 1220 2560 illa
1240 2511 1281 2560 bt.
1296 2511 1364 2562 Tull.

271 2600 363 2649 perure
375 2585 563 2634 inconsiderate
576 2591 743 2647 putaremusr
761 2585 799 2635 di·
835 2585 881 2634 llb.
890 2589 915 2636 2.
928 2586 960 2634 de
970 2585 1005 2635 N.
1015 2584 1048 2634 D.
1064 2585 1233 2634 ‘Nosautem
1243 2583 1365 2636 tenebras

270 2660 798 2725 cataliquisingenslrccesseincendiutn‚
836 2663 977 2722 rogitemus
996 2667 1090 2722 tentas,
1110 2667 1214 2724 qmntae
1236 2661 1365 2725 quondum

271 2742 299 2786 et
320 2736 387 2784 vlrea
415 2736 482 2784 illins
511 2736 587 2798 plane
616 2734 798 2797 sdmirandasr
835 2735 973 2799 eruptione
991 2734 1149 2786 AEtueotum
1169 2736 1268 2798 ignium
1287 2735 1364 2788 uuist-

270 2823 364 2871 nempe
382 2809 444 2873 quia
459 2823 511 2858 nnn
523 2809 588 2858 vidit
599 2810 697 2873 majus5
714 2810 760 2858 sed
773 2811 799 2862 in
837 2823 890 2860 mas
902 2811 1020 2874 regiones
1037 2809 1217 2861 obscuravisse
1232 2813 1365 2877 dicuntur,

271 2885 327 2936 aliis
335 2885 412 2936 rebus
422 2885 572 2950 praecipites
579 2890 607 2934 et
614 2885 801 2937 inconsiderati
837 2892 867 2935 ut
886 2899 933 2948 per
947 2885 1051 2940 biduum
1063 2899 1137 2935 nemo
1149 2886 1278 2936 bominem
1290 2889 1364 2942 bomo

271 2962 379 3025 perinde
400 2960 523 3012 fallimur.
567 2961 637 3011 Nllril
662 2967 702 3010 est
730 2963 799 3026 qnod
836 2968 1008 3026 agnosceret:
1031 2976 1090 3014 cum
1111 2970 1197 3012 sutem
1218 2963 1300 3016 tertio
1321 2965 1364 3030 dle

270 3053 389 3103 magnum
401 3037 452 3088 dici
464 3043 561 3102 potest,
573 3038 635 3086 nihil
647 3039 715 3102 quod
723 3039 800 3088 debe·
836 3037 875 3086 sol
886 3038 1022 3099 illuxisset,
1033 3046 1086 3088 tum
1103 3044 1133 3087 ot
1151 3039 1277 3090 revisisse
1296 3041 1364 3090 vide-

270 3129 327 3163 mns
337 3114 468 3176 admiscet,
485 3114 507 3163 si
518 3114 662 3162 univercum
672 3112 800 3165 infinitum
837 3111 945 3162 rentur!
961 3113 1062 3164 ineu·
1073 3113 1151 3162 Hisne
1162 3129 1266 3179 quoque
1279 3116 1363 3168 locum

270 3190 493 3253 contemplemur;
517 3203 575 3239 nem
595 3204 630 3239 ex
652 3189 696 3239 illo
715 3190 800 3240 subito
837 3195 989 3252 corruptum
1012 3203 1068 3240 esse
1090 3191 1150 3240 olim
1169 3191 1203 3240 ad
1221 3191 1363 3242 Phaedrum

271 3269 359 3325 potest
380 3264 511 3314 continere
531 3266 653 3316 immense
674 3266 799 3316 seminum
836 3265 1004 3314 ostendimur.
1038 3265 1104 3314 llaec
1127 3266 1185 3328 ipsa
1206 3267 1286 3318 rerba
1308 3267 1363 3318 fue·

270 3339 345 3402 ignis,
361 3340 417 3389 sive
433 3341 504 3390 renti
523 3342 608 3404 eopia,
625 3356 681 3406 qnae
701 3344 799 3396 semina
827 3347 911 3390 rant:
931 3340 1026 3390 Verum
1038 3339 1140 3404 qnando
1152 3341 1187 3390 ita
1200 3339 1300 3392 fectum
1318 3351 1364 3406 est,

269 3414 631 3481 lnlEtuasenslioquolibet
647 3419 799 3469 montecol·
835 3423 865 3466 ut
894 3416 951 3480 jam
978 3417 1111 3466 solennem
1139 3417 1234 3466 notulis
1261 3419 1364 3468 modum

269 3493 337 3542 lecte
350 3491 399 3540 rim
410 3492 587 3558 impetumque
598 3503 797 3557 sumuntftetrse
834 3495 931 3557 egressi
953 3496 1040 3556 simus,
1056 3496 1139 3545 locum
1161 3510 1265 3560 quoqne
1285 3497 1364 3548 alium

270 3577 355 3618 motus
371 3567 503 3628 ‚efficiant,
526 3576 664 3633 erumpant
685 3571 797 3633 demtum,
835 3569 950 3620 Lucretii
962 3570 1019 3636 (ills.
1035 3568 1074 3635 u.)
1091 3571 1295 3621 emendabimus.
1306 3587 1363 3622 nam

269 3647 347 3710 longe
365 3647 469 3710 lateque
487 3644 616 3697 flammam
635 3658 759 3712 spargant
770 3656 798 3699 et
834 3645 868 3696 eb
890 3645 981 3698 eadem
1002 3646 1111 3709 origlne,
1130 3660 1181 3711 qna
1207 3648 1363 3711 superiores,

270 3722 392 3773 favillam.
427 3721 582 3786 Hujnsmndi
605 3730 692 3775 antem
720 3739 798 3790 erup·
834 3729 970 3784 corruptus
981 3728 1031 3772 est.
1064 3722 1362 3786 Versuslneonsperabi·

270 3801 353 3852 tiones
365 3806 427 3851 snm
445 3799 525 3848 relutl
543 3799 627 3850 morbi
646 3806 674 3849 et
693 3802 797 3850 eonvnl-
834 3798 866 3847 lis
877 3797 962 3862 poitae
975 3805 1045 3860 sunt,
1060 3800 1068 3827 ¹
1083 3798 1160 3848 Nunc
1174 3798 1241 3847 ratio
1251 3813 1311 3862 quc
1320 3799 1362 3858 sit,

269 3879 353 3930 alonet
364 3877 440 3940 nujus
451 3875 548 3940 usundi,
566 3882 644 3940 atque
659 3877 797 3930 utmorbo-
834 3890 882 3939 per
898 3871 990 3926 fauces
1008 3875 1103 3924 montis
1122 3881 1152 3924 nt
1169 3874 1254 3924 AEtne
1274 3875 1362 3938 Eupl-

269 3967 325 4002 rum
336 3952 472 4003 mminain
487 3951 614 4002 bominem
636 3951 707 4018 (nam
726 3967 797 4017 saepe
834 3957 893 4000 rent
917 3951 990 4014 ignes
1008 3950 1137 4001 interdum
1158 3951 1264 4000 turbine
1282 3956 1361 4007 tuom,

269 4026 411 4090 febricitat,
427 4027 684 4094 doletdenteqdre.)
698 4042 731 4078 ex
746 4029 796 4080 boc
822 4028 998 4092 *Expediem3
1022 4028 1196 4093 nequeenim
1218 4027 1307 4076 media
1329 4026 1360 4078 de

269 4103 462 4166 montensem
475 4104 629 4154 uuiversoln
640 4105 706 4154 hunc
724 4119 796 4154 mno·
833 4105 907 4154 clade
925 4111 1015 4154 coorta
1033 4105 1153 4154 Flammas
1170 4103 1360 4168 tempestssst·

268 4177 340 4236 dun
351 4179 463 4236 derivarl
484 4187 606 4245 possein:
625 4195 682 4232 nam
692 4181 715 4231 sl
727 4195 795 4236 nom·
832 4180 1058 4232 culnmdominats
1069 4193 1115 4246 pet
1128 4193 1212 4244 egros,
1234 4179 1360 4232 Finitimis
