3006 4880
264 437 297 486 u.
322 435 502 486 nuoenrn
527 436 617 486 narn
648 437 695 486 nn
719 438 852 488 nunnus
877 437 965 490 nur.
991 439 1062 492 arn.
1087 442 1120 490 v.
1154 428 1241 495 153⁷

144 577 208 640 slas,'
219 579 264 644 qni
283 579 350 628 item
370 585 430 628 aunt
448 578 592 643 Aquilones
603 594 610 629 ε
622 579 639 630 Ι.
651 593 677 628 e.
712 579 762 630 boo
770 580 831 629 mibi
839 579 928 630 statim
937 579 1140 644 poatseoundam
1151 582 1243 634 editio·

146 656 216 705 senti
234 668 250 702 a
269 654 490 717 septentrionibus
508 653 611 705 llantes.
627 656 677 704 boo
713 671 771 706 nem
791 657 903 707 venisset
919 657 945 705 in
966 663 1089 719 mentem,
1107 660 1181 722 cnjus
1204 662 1243 709 rei
1287 655 1289 660 '

144 737 245 780 mutum
262 731 384 793 interest,
404 730 471 796 qnod
489 732 587 781 Etesioe
604 739 678 782 certo
713 724 773 781 mibi
786 739 867 782 testes
885 739 946 782 sunt
962 733 1009 781 viri
1026 733 1117 797 optimi
1131 743 1159 783 et
1170 747 1244 784 orna·

145 805 206 854 anni
223 812 353 868 tempore,
363 818 456 868 nempe
469 811 527 869 post
538 806 678 856 solstitium
713 807 814 870 tissimi,
833 807 920 871 reperi
933 821 983 856 non
1000 808 1080 858 multo
1092 817 1161 872 post,
1172 810 1241 858 idern

146 883 263 946 spirent:
283 882 525 947 Aquilonesquoris
537 883 598 933 anni
614 889 678 933 tern-
714 884 747 932 ab
775 882 860 949 aliquo
883 884 971 933 neseio
994 897 1045 947 qno
1064 883 1243 947 eaoogitatnrn

145 971 218 1024 pore.
244 957 329 1008 hat.
363 959 398 1008 Et
424 966 511 1008 tamen
539 958 678 1027 ostendere
714 971 782 1021 esse,
791 958 869 1023 idque
881 958 983 1008 Zoilum
1000 972 1047 1023 pro
1068 973 1114 1007 suo
1131 949 1242 1022 produn-

146 1035 252 1100 possim,
272 1035 294 1083 si
311 1049 359 1098 per
376 1033 458 1085 otium
475 1034 678 1095 liceat,1·2tesiss
714 1033 781 1082 isse:
802 1035 851 1083 nlsl
868 1034 937 1099 quod
954 1036 1023 1095 oleor-
1033 1034 1067 1083 ab
1078 1037 1242 1098 suscriptum

147 1124 198 1160 non
215 1124 321 1173 semper
337 1124 395 1160 esse
411 1109 573 1174 Aquilonem
597 1117 626 1158 et
644 1107 678 1157 nd
715 1110 843 1174 nequod
863 1111 945 1161 minus
962 1110 1055 1174 probo,
1071 1109 1244 1174 qrrialongius

148 1197 205 1235 eam
217 1199 273 1234 rem
286 1185 421 1236 Aristotel.
439 1201 469 1235 ao
480 1185 622 1234 Diodorum
634 1183 677 1232 ad·
715 1201 789 1250 equo
810 1200 825 1234 a
844 1185 976 1250 scriptura
992 1193 1101 1249 recepta
1118 1192 1244 1235 remelium

147 1273 275 1314 vocarem.
308 1260 575 1312 sednilsdbuoret.
591 1258 678 1310 Faber.
714 1268 763 1311 est.
773 1262 858 1313 Lmab.
889 1261 1244 1327 Vulgateleetionis,rloces·

178 1341 228 1388 w
250 1339 328 1388 lisias
347 1337 594 1400 Enaa13soollnsa
613 1330 678 1386 voce
715 1337 778 1386 tibus
788 1338 848 1399 olgi,
861 1349 911 1385 non
923 1336 1104 1398 meminissem,
1122 1336 1171 1384 uisi
1186 1349 1244 1386 enan

148 1413 337 1462 llaeobantinna
349 1411 513 1461 edoi‘Enins’
522 1411 678 1475 appelletur.
715 1411 809 1475 Fuyns,
820 1417 912 1461 sentus
928 1419 956 1462 et
973 1412 1053 1460 bellus
1076 1411 1159 1474 bomo,
1175 1412 1245 1471 lunio,

147 1487 248 1540 'Euan'
265 1496 353 1539 antem
369 1487 480 1537 libonio
497 1501 569 1537 mons
585 1487 618 1536 ab
635 1501 678 1538 es·
715 1501 767 1552 qne
788 1488 858 1536 nulla
878 1493 919 1537 eat
937 1487 1022 1536 verior
1038 1494 1084 1536 ant
1104 1488 1245 1550 venustior,

148 1565 209 1615 dena
219 1579 287 1617 voce
298 1563 400 1615 diotnss
412 1563 552 1613 Pausanias
562 1563 682 1613 Messon:
716 1562 884 1628 pretulisset.
902 1562 999 1612 cresco.

150 1640 234 1690 lomb
748 1645 797 1692 749
814 1642 875 1690 Casa
888 1641 949 1705 fleri
968 1640 1072 1704 possiet]
1094 1639 1125 1688 lu
1144 1639 1245 1693 duobus

180 1720 230 1766 stt
252 1714 393 1779 Volturnus]
409 1715 563 1765 Euronotoa.
580 1714 663 1764 iasab.
716 1715 789 1768 libris
796 1732 926 1768 manuscr.
935 1717 1059 1780 scriptum
1069 1721 1119 1777 est,
1132 1713 1245 1779 Custo-

181 1796 233 1842 rto
255 1791 382 1856 Crepitoss
407 1806 435 1840 oe
463 1789 571 1840 deamat
600 1788 679 1852 nigor]
717 1798 871 1856 rereoneost.
886 1792 977 1841 bamb.
1175 1803 1178 1812 ·

150 1869 218 1920 nee
228 1873 270 1917 est
280 1867 415 1918 verissima
429 1867 568 1931 scriptura,
580 1879 613 1916 ex
626 1872 679 1914 ret.
749 1872 799 1917 ibt)
815 1867 880 1917 Solis
890 1869 947 1918 dena
956 1867 1055 1931 W]
1072 1865 1148 1916 Nune
1156 1865 1190 1916 de
1201 1865 1246 1916 de·

149 1943 223 1992 libris
245 1949 329 1992 eruta.
361 1942 439 2005 Vulg.
466 1941 598 1990 semtibss
620 1940 679 2002 olgi.
717 1943 831 1996 tentibus
842 1945 902 1994 solis
913 1952 942 1994 et
952 1945 1035 1994 larue:
1053 1949 1081 1993 et
1092 1946 1178 2008 priore
1189 1942 1246 1993 loco

151 2017 242 2070 ultan.
276 2018 401 2082 Crepiiw
421 2033 450 2067 w
473 2017 584 2066 dultin!
604 2017 680 2074 “lw-
718 2020 752 2070 de
763 2018 866 2070 defeotn
883 2021 954 2070 solis.
965 2019 998 2068 de
1009 2019 1102 2083 qulbus
1115 2021 1154 2068 sic
1167 2019 1245 2082 Diog.

151 2095 283 2146 Contres
293 2094 353 2144 libri
365 2107 492 2144 manuscr.
504 2101 532 2142 et
541 2092 610 2156 rnlg.
622 2093 681 2141 Flo·
719 2095 855 2144 Ledrtina:
872 2094 994 2156 'mestas
1012 2092 1039 2142 tl
1061 2093 1129 2152 §pion
1149 2092 1188 2142 eal
1207 2109 1247 2143 σε·

151 2170 258 2232 reatini,
278 2170 374 2220 Veneti
391 2169 559 2228 recentiores,
575 2166 681 2230 utrique
718 2169 1104 2231 tmtdrmmplmlnrtnsal
1114 2170 1176 2219 sert
1190 2169 1247 2226 σβέ-

151 2246 351 2312 bugdnnenses‚
368 2244 504 2306 baberent,
516 2243 635 2307 orepitsss
644 2258 682 2292 ao·
718 2244 923 2309 usmetum
932 2245 1122 2310 sap'sbpirroino
1132 2245 1247 2309 θεωριῗτω

152 2323 260 2373 utlibet
277 2324 346 2384 aba]
368 2321 494 2384 nonnulli,
515 2321 634 2385 srepa'im
654 2335 682 2369 tte
718 2321 848 2384 γινόμενον,
861 2321 901 2371 ani
919 2323 948 2381 at
966 2322 1018 2370 κατ’
1034 2321 1195 2385 importem
1205 2321 1248 2372 tt·

151 2399 334 2462 dentibasalga't
343 2399 419 2463 plane
427 2399 526 2462 inepte,
536 2396 614 2462 idque
621 2396 681 2446 olim
719 2409 768 2449 λων
779 2401 855 2462 roais,
865 2398 881 2458 l
891 2396 970 2462 7515,st
982 2397 1086 2462 οὐρανοῦ,
1097 2397 1183 2455 denos
1194 2396 1245 2446 iri·

151 2475 246 2526 lectori
255 2473 310 2524 indi
369 2487 409 2522 em
419 2489 428 2534 ;
439 2480 467 2522 et
477 2471 596 2536 crepitans
602 2485 682 2520 nees-
719 2493 760 2540 ρον
772 2473 886 2537 τοιούτω),
897 2479 945 2525 &o
955 2475 973 2523 i.
985 2488 1010 2523 e·
1026 2473 1112 2523 ‘Solis
1122 2481 1208 2523 sutem
1220 2479 1248 2524 et

151 2552 216 2602 tuus
237 2551 298 2612 olgi,
317 2556 347 2598 nt
364 2549 482 2613 plerique
501 2546 560 2596 libri
578 2546 683 2610 hebent,
719 2552 787 2601 lnute
814 2547 932 2598 delectos
954 2555 1041 2612 potest
1060 2549 1164 2613 quidem
1189 2547 1247 2598 lieri

153 2626 313 2687 edidissent
325 2626 397 2675 seuit
407 2625 468 2674 mibi
478 2630 569 2687 postea
577 2623 604 2672 in
613 2637 682 2672 rnen·
720 2628 799 2676 etiam
810 2638 858 2691 per
868 2623 1075 2682 exstinctionem,
1083 2623 1248 2689 quemadmo-

153 2713 218 2766 tem,
234 2703 315 2754 rerba
330 2702 373 2752 illa
391 2700 478 2751 Plauti
490 2699 516 2748 in
528 2699 647 2749 Rudente
658 2703 683 2748 ².
719 2702 780 2752 dnm
792 2707 821 2751 et
832 2699 900 2764 rpud
919 2714 965 2748 nos
982 2699 1031 2748 lloo
1047 2699 1104 2752 lieri
1121 2699 1249 2760 videmus,

152 2785 178 2831 d.
188 2785 231 2830 bl.
240 2777 349 2844 legenti,
361 2777 370 2805 ‘
380 2777 434 2828 Cn.
442 2775 513 2829 Quid
521 2777 544 2826 si
556 2778 641 2842 aliquo
649 2775 682 2826 ad
719 2784 747 2828 et
760 2792 820 2827 sero
832 2790 879 2840 per
890 2771 1054 2824 offectionem
1068 2775 1174 2824 uliarnm
1187 2789 1249 2838 qna-

154 2855 230 2907 lndoe
247 2869 289 2905 me
308 2867 355 2918 pro
372 2851 498 2902 manduco
517 2852 616 2901 locem?
631 2853 682 2901 bs.
719 2853 827 2903 rundarn
848 2867 942 2916 rerum,
960 2858 1005 2901 ant
1021 2859 1109 2913 terne,
1126 2851 1251 2912 antonii,

154 2932 338 2996 Quapropter?
356 2928 684 2993 Cmqnispololarecre·
720 2935 766 2979 ant
786 2929 929 2993 cujuspiam
953 2927 1017 2977 alins
1039 2927 1098 2975 talis
1120 2926 1175 2987 rel,'
1197 2929 1248 2975 aze.

154 3010 212 3074 pito
223 3007 345 3057 dentibus
355 3006 372 3057 ε’
390 3005 524 3074 facillime,
534 3010 563 3052 et
572 3018 683 3053 commo·
719 3004 794 3054 idem
812 3004 901 3067 paneis
924 3001 1010 3049 verbis
1031 3007 1105 3062 post:
1129 3000 1154 3052 is
1176 2997 1202 3048 al
1218 3003 1251 3064 τῇ

154 3087 272 3147 dissime,
290 3091 317 3135 et
327 3085 459 3148 aptissime
470 3097 503 3131 ex
515 3082 562 3130 beo
573 3081 684 3144 seriptu-
720 3075 883 3143 dnssntmdrp
902 3075 954 3139 sepi
971 3071 1062 3136 piures
1077 3073 1154 3120 ταῦτα
1173 3071 1249 3134 absa·

154 3179 194 3227 ra,
215 3165 334 3228 crepitum
355 3177 385 3211 at
405 3160 513 3211 omibus
533 3159 605 3220 algis,
627 3158 684 3208 fleri
720 3156 759 3206 sni
774 3155 817 3203 ris
832 3153 900 3213 ἣλιον
915 3150 1031 3200 ἐκλείπειν
1046 3146 1251 3206 nmipnsdrsoso·

154 3253 232 3307 μω
243 3241 361 3304 mam
370 3249 399 3288 pc
407 3236 514 3287 mim
525 3235 610 3297 Algos.
621 3236 684 3285 Per.
720 3231 816 3289 soloas·
827 3227 929 3287 σελήνην
936 3225 960 3275 di
972 3227 998 3275 ds
1008 3226 1051 3275 τοῦ
1057 3227 1102 3284 τῆς
1110 3227 1157 3287 γῆς
1167 3225 1249 3276 usian-

156 3317 248 3382 spieus
267 3314 336 3365 enim
355 3313 397 3364 bie
408 3319 449 3362 est
465 3308 638 3372 owosods:
657 3316 687 3358 et
720 3319 803 3370 paros·
815 3303 887 3354 naal
904 3302 942 3353 ssi
959 3303 1012 3352 κατ’
1029 3301 1185 3366 inaximo.
1198 3303 1215 3353 i.
1226 3318 1251 3353 e.

156 3393 255 3454 Hiemi,
271 3390 346 3454 bigo,
361 3389 496 3449 Volturno,
513 3387 619 3444 Austro,
629 3399 685 3434 eor·
722 3385 773 3433 ‘Et
783 3382 861 3433 solem
873 3379 994 3441 delicere,
1002 3379 1062 3430 luna
1069 3378 1250 3430 inumbrante:

156 3482 220 3531 pars
231 3463 398 3530 affinguntur,
415 3464 611 3528 politicomore.
644 3460 686 3509 ld·
723 3460 807 3508 lunam
829 3471 889 3506 sero
906 3469 940 3505 ex
958 3454 1048 3505 umbra
1065 3461 1160 3506 terraer
1184 3470 1249 3519 prae·

156 3541 227 3592 oireo
247 3541 330 3605 Algos
347 3539 511 3590 scribendum
528 3537 627 3598 curavi,
644 3537 686 3585 lit·
723 3543 795 3584 teres
823 3545 883 3581 reso
906 3537 934 3580 et
961 3544 994 3580 ex
1017 3543 1122 3581 recessu
1143 3545 1158 3580 a
1180 3529 1252 3582 sole.'

158 3624 216 3668 tera
227 3619 309 3681 prima
319 3615 424 3680 majore.
456 3615 573 3665 Venusto
591 3623 687 3673 antem,
723 3607 804 3658 Lomb.
828 3607 936 3657 Dorsum
946 3605 975 3655 lit
985 3605 1044 3656 solis
1053 3603 1183 3668 desectus,
1192 3619 1251 3656 oum

157 3693 392 3754 etoonsenlenter,
410 3701 438 3742 et
454 3690 624 3756 probabiliter
641 3687 686 3736 Al·
722 3686 784 3735 luna
802 3690 847 3734 aut
866 3682 935 3732 alind
955 3696 1064 3746 opaonm
1082 3696 1176 3746 corpus
1192 3680 1252 3729 anb-

158 3781 219 3834 gnm
231 3767 354 3818 dentibus
363 3767 536 3829 crepitantem
544 3763 618 3825 fauit,
627 3762 687 3826 qnin
719 3762 820 3825 jeotnm
831 3760 879 3809 soli
890 3758 976 3808 radios
986 3757 1055 3807 illins
1063 3756 1173 3818 exeipit,
1182 3761 1209 3805 et
1217 3754 1251 3803 sb

157 3859 202 3896 eos
215 3843 259 3910 qul
271 3844 370 3907 algent,
386 3841 502 3892 dentium
517 3838 632 3903 crepitus
644 3851 687 3886 co·
724 3835 839 3886 ulteriori
852 3834 885 3885 ed
904 3840 998 3883 terram
1017 3843 1155 3896 progressu
1168 3829 1251 3891 probi·

157 3921 245 3972 mitari
254 3922 331 3983 solet,
343 3927 373 3968 nt
383 3925 412 3968 et
422 3919 501 3968 totilas
509 3916 624 3980 corporis
636 3922 687 3962 tre·
724 3912 778 3961 bet.
810 3912 883 3960 bnon
897 3910 959 3958 llsrn
975 3907 1076 3967 deficit,
1091 3918 1149 3954 cum
1160 3903 1252 3954 incidit

157 4013 223 4062 anor,
245 4005 274 4048 et
296 3999 445 4059 borror,·et
468 3995 546 4058 rigor,
568 3999 595 4042 et
614 3991 688 4041 simil.
725 3989 750 4036 in
762 3987 877 4036 umbram
888 3993 974 4044 terre,
992 3979 1156 4033 sutalterius
1175 3978 1253 4028 elion·

159 4073 228 4140 qnod
240 4073 339 4123 indicat
350 4071 438 4121 Plauti
455 4070 534 4131 loeus,
549 4080 623 4132 qnern
636 4079 688 4114 mo·
721 4061 767 4125 jus
786 4061 860 4124 opaci
882 4057 998 4121 corporis
1019 4056 1086 4122 qruod
1109 4069 1123 4104 e
1145 4054 1252 4118 regione

160 4149 193 4198 do
215 4148 380 4214 protulimus.
424 4146 484 4198 Jam
509 4141 620 4206 ‘signal
642 4155 688 4190 sen
726 4132 1253 4198 soliainterposituminterjectumquesit:

160 4223 281 4288 ‘alpunn’
297 4221 381 4283 frigus
395 4219 541 4282 significet:
559 4221 689 4280 atqueea-
726 4219 770 4262 ant
792 4211 903 4276 deniqne
925 4208 962 4262 sol
981 4215 1009 4257 et
1031 4208 1102 4271 luna,
1123 4221 1181 4256 curn
1196 4207 1253 4256 loca

162 4299 219 4350 dem
231 4313 296 4349 rooe
309 4311 369 4346 usus
380 4303 421 4346 est
431 4296 606 4344 calamam.
624 4291 688 4341 Cum
726 4287 843 4352 quiedam
861 4286 919 4336 eseli
935 4285 987 4336 suis
999 4283 1101 4350 ignibus
1119 4281 1215 4334 infesta
1225 4287 1254 4329 et

225 4378 315 4442 Delpb.
324 4383 347 4426 et
363 4375 420 4427 Vnr.
432 4377 497 4425 Cios.
670 4371 764 4420 bnrret.
1134 4369 1148 4412 ⁵
1166 4363 1189 4412 l:
