2996 4888
447 393 496 441 nn
518 390 551 439 r.
575 388 766 442 scoacum
789 391 899 442 cneo.
1137 377 1223 446 1⁷29

119 539 261 602 Cshhalm
283 539 607 618 ditopoedomelissane,
628 539 718 599 Tom.
744 557 766 600 1.
790 538 921 617 Operum
946 536 1221 618 Philosophicorum

120 655 191 714 pag.
202 644 274 704 sat.

161 731 383 792 invocationem
405 730 535 802 Veneria,
555 731 586 790 in
606 729 707 790 limine
727 729 792 790 libri
813 729 899 809 primi
920 731 1059 802 Lucretii,
1086 729 1222 812 exposuit

121 823 247 886 Gallicis
262 824 393 886 uersibus
407 825 540 904 pluribus
553 825 670 885 Poitria
681 823 908 902 ingeniosissima
919 825 1121 888 Deshoulieria
1132 830 1222 891 Tum.

122 938 162 983 ιι.
178 922 349 992 carminum,
363 921 507 982 editorum
523 922 639 983 Gallice
655 922 787 983 Bruxell.
805 930 892 992 1708.
908 932 937 984 a.
952 942 1020 1002 pag.
1037 932 1085 985 80.
1107 926 1222 988 ‘imita-

120 1016 182 1076 tion
211 1016 249 1077 de
271 1017 410 1090 Luerece‚
431 1035 468 1078 en
490 1017 651 1096 galimatlar
670 1017 724 1078 tait
744 1017 870 1097 expres!
903 1019 949 1079 De
969 1021 1153 1081 invocatione
1173 1022 1222 1082 illa

120 1111 266 1172 ridendus
278 1113 366 1174 etiam
381 1111 484 1174 Petrus
498 1111 656 1184 Victorius,
671 1111 801 1190 Epistola
814 1112 851 1173 ad
871 1114 1014 1173 ioannem
1035 1115 1152 1175 Caeam.
1172 1118 1220 1178 Jo.

122 1207 241 1270 Clerlco
254 1208 314 1268 viro
327 1207 501 1269 doctissimo
514 1209 604 1268 Tom.
619 1225 720 1269 xxvi.
737 1209 814 1270 Bihl.
835 1209 953 1270 selecta
973 1229 1040 1289 pag.
1063 1219 1129 1272 154.
1159 1231 1222 1272 rec·

122 1303 180 1364 tius
204 1303 337 1365 tacturus
357 1303 446 1364 suisne
466 1301 582 1364 videtur
603 1303 767 1376 Lucretius,
789 1299 814 1363 si
834 1293 987 1364 Rationem
1009 1305 1069 1364 sive
1090 1307 1222 1366 Mentem

123 1407 268 1476 tauquam
281 1399 379 1458 Deum
393 1399 423 1458 in
437 1398 535 1458 limine
546 1398 692 1478 poitmatis
706 1397 817 1477 potius,
831 1415 920 1477 quam
941 1401 1095 1472 Venerem,
1118 1401 1222 1480 implo-

121 1502 230 1556 rasset.
272 1493 332 1554 Sed
361 1494 527 1567 Lucretius,
555 1493 688 1554 sensibus
710 1493 776 1572 plus
798 1513 885 1572 quam
905 1495 1009 1555 rationi
1030 1497 1171 1569 tribuens,
1192 1508 1223 1559 et

122 1589 340 1668 generationem
361 1610 457 1652 rerum
478 1591 600 1669 cupieos
620 1607 775 1668 exponere,
797 1589 910 1650 nullum
944 1593 1036 1670 magis
1068 1594 1221 1672 physicum

122 1703 245 1758 numen,
260 1704 347 1765 quam
360 1687 515 1758 Venerem,
529 1685 680 1765 appellare
694 1705 724 1746 se
739 1705 826 1765 posse
838 1684 1023 1747 existimarit.
1064 1687 1099 1747 lu
1114 1690 1222 1749 Lucre-

122 1781 198 1842 tium
218 1781 376 1860 scripserat
394 1771 464 1841 olim
485 1781 585 1842 Velius
605 1782 738 1861 Longus,
759 1783 847 1861 cujus
867 1781 1079 1856 commentarii,
1102 1784 1184 1845 citati
1204 1805 1221 1844 a

122 1877 260 1938 charisio
272 1897 340 1957 pag.
358 1885 427 1948 187.
441 1877 513 1940 edit.
528 1877 649 1939 Putsch.
659 1878 724 1957 jain
738 1878 853 1956 pridem
868 1877 1050 1939 intercidere.

372 2007 479 2072 Porro
490 2025 562 2088 psus
575 2003 734 2068 Lucretius
748 2005 968 2086 imitatu-ssent.

164 2119 272 2196 Poitas
291 2117 420 2180 imitatus
441 2137 503 2178 esse
523 2119 677 2178 Lucretius
698 2117 867 2197 cumprimis
898 2115 1024 2189 ridetur,
1057 2137 1074 2178 e
1109 2117 1223 2178 Graecis

124 2215 289 2282 Homerum
317 2224 348 2275 et
368 2213 588 2294 Empedoclem,
608 2234 624 2274 e
644 2215 753 2276 Latinis
772 2215 910 2276 Ennium.
951 2210 1079 2274 Lucretii
1105 2213 1225 2292 vestigia

123 2329 186 2378 nou
199 2309 305 2395 puduit
319 2310 416 2388 legere
430 2309 582 2389 Virgilium
597 2309 627 2370 in
643 2309 820 2391 Georgicis:
835 2329 932 2390 neque
946 2327 1063 2388 semper
1073 2327 1140 2368 eum
1154 2309 1226 2376 uicit

123 2416 178 2469 aut
189 2416 259 2487 post
268 2426 299 2468 se
308 2405 434 2484 reliquit,
446 2405 606 2483 utjudioat
616 2406 783 2470 Alexander
793 2409 942 2476 Rossaeus,
957 2405 1007 2486 qui
1018 2405 1085 2466 loca
1098 2405 1226 2466 Lucretii

124 2502 264 2564 nonnulla
278 2521 347 2564 cum
361 2501 525 2582 virgilianis
538 2503 668 2564 contulit
680 2503 756 2564 llhro
770 2501 858 2564 tertio
874 2501 988 2578 Virgilii
1006 2499 1225 2580 triumphantia,

124 2599 227 2678 capite
239 2597 270 2661 6.
300 2598 523 2660 Obscuritatem
533 2598 562 2654 in
575 2599 712 2656 Lucretio
725 2595 917 2674 reprehendit
929 2595 1131 2656 Pallavicinus.
1156 2593 1225 2656 Non

124 2715 204 2776 opus
218 2707 265 2756 est
276 2714 396 2756 monere
410 2691 564 2765 eruditos,
576 2693 807 2752 commentitiam
828 2712 890 2753 esse
915 2691 1136 2772 inscriptionem
1159 2691 1226 2752 Ca·

125 2773 268 2864 ieuatem,
282 2789 400 2850 ohriern
414 2788 444 2848 in
457 2786 532 2850 Aldi
548 2788 675 2848 Manutii
689 2789 909 2868 orthographia
922 2809 990 2870 pag.
1006 2797 1075 2859 129.
1089 2797 1119 2850 et
1134 2787 1227 2847 Fulvii

125 2887 227 2950 Ursini
249 2884 439 2967 imaginihus,
462 2893 551 2964 atque
572 2883 653 2962 apud
681 2885 844 2946 Gruterum
870 2904 940 2966 pag.
967 2893 1167 2948 ccccxxxii.
1197 2891 1226 2942 7.

124 2983 337 3062 laudatamque
358 3001 377 3042 a
401 2979 573 3040 Mabillcuio
598 2978 707 3038 itineris
732 2980 825 3041 Italici
852 2999 920 3058 pag.
942 2989 993 3042 ta.
1013 2988 1045 3038 et
1077 2974 1227 3044 Bernardo

126 3079 288 3144 Maurouio
302 3074 551 3158 insshronologia
568 3075 697 3136 cesena
722 3094 789 3153 pag.
814 3073 881 3136 126.
902 3075 991 3134 Tom.
1014 3089 1065 3133 lx.
1084 3071 1227 3132 Thesauri

127 3176 223 3240 ltaliae
236 3183 320 3256 parte
333 3189 414 3235 vtrr.
429 3175 485 3232 Ἀ.
498 3171 626 3234 Lucretii
640 3170 783 3234 Historici
796 3189 830 3230 ae
844 3170 944 3230 reare
958 3166 1124 3230 Conditcris
1137 3167 1227 3226 veris·

128 3273 205 3346 simi,
228 3270 278 3332 cui
302 3272 342 3330 ob
361 3268 563 3330 excellentiam
589 3268 697 3346 ingenii
723 3277 820 3330 statua
845 3265 1021 3336 condonata,
1048 3283 1085 3326 ao
1106 3262 1228 3324 Civitati

127 3357 273 3439 cesena,
287 3368 413 3426 Roman.
427 3364 561 3426 Coloniae
576 3364 714 3425 deducta
727 3363 757 3423 in
771 3363 830 3430 hoc
843 3382 928 3424 sacro
941 3371 1040 3424 moute
1050 3359 1208 3424 dedicata!

171 3458 320 3524 claudant
331 3479 461 3542 prasens
475 3458 512 3518 de
526 3457 667 3518 Lucretio
680 3466 772 3536 caput
786 3455 816 3515 hi
830 3475 930 3518 versus
949 3455 1134 3518 Marulliaui:

363 3574 467 3641 Amor,
480 3567 608 3639 Tibulle,
622 3569 705 3628 Mars
719 3566 787 3640 tihi,
800 3567 898 3640 Maro,
913 3567 1012 3638 debet,
1080 3605 1083 3610 -

444 3737 448 3748 ι
485 3663 626 3726 Terentio
640 3683 745 3724 soccus
756 3660 848 3727 levis:

361 3763 531 3824 Gothumus
543 3761 612 3822 olim
626 3761 735 3822 nemini
747 3760 817 3821 satis
829 3761 965 3833 multum,
998 3749 1009 3764 ‘

488 3857 611 3918 Horatio
624 3855 712 3920 satira
724 3865 757 3918 et
768 3855 887 3934 chelys:

368 3955 485 4016 Natura
499 3952 595 4032 magni
609 3953 739 4013 uersibus
753 3950 879 4012 lucretii

486 4051 598 4130 Lepore
612 4068 713 4108 museo
726 4047 814 4108 illitis.

201 4311 290 4375 Delplr.
298 4315 321 4362 et
338 4309 395 4360 Ver.
406 4309 472 4358 Clas.
634 4305 733 4356 lucret.
