3020 4888
256 359 342 428 1404
605 381 712 430 norm
737 382 934 432 vinionun
959 383 998 432 rr

256 518 336 568 travit
356 519 444 580 calor„
457 526 485 568 et
505 517 635 572 labefacta
656 536 703 586 per
722 537 781 574 ossa
847 526 896 574 707
915 525 1060 588 Mmgesnl
1072 524 1156 590 pirgo]
1175 524 1218 575 Ad
1238 525 1347 576 hoere-

257 593 388 642 oncnrrit.'
409 594 429 642 si
450 595 507 660 quis
529 602 615 646 tamen
635 599 714 649 malet
729 600 781 662 legi
816 599 879 650 ferri
891 602 970 652 debet
986 603 1049 653 illnd
1069 604 1138 669 qnod
1157 603 1191 676 de
1209 605 1268 654 loco
1284 619 1348 669 qno·

255 669 419 731 concalefacta,
446 685 497 720 non
525 673 664 735 pugnabo:
693 690 780 739 qnam·
817 679 876 728 dam
899 680 1079 744 Xenophontis
1099 681 1160 730 alibi
1181 681 1285 742 notari,
1304 681 1346 732 obi

257 761 333 811 qnam
350 748 452 798 videtur
474 762 531 798 esse
552 751 707 814 πλεονασμὸς,
728 767 781 800 cos·
817 753 899 817 θερμὸν
916 756 1027 818 pessime
1045 755 1078 804 ab
1096 755 1287 819 interpretibus
1304 767 1346 804 oc-

255 823 368 881 rolriorto
383 825 444 885 igni.
478 825 611 874 corenim
629 827 780 890 ignipotins
818 837 922 894 ceptum
951 837 999 880 est.
1032 831 1101 881 Nam
1127 831 1256 895 ‘vestigia
1283 828 1351 880 fere·

256 911 333 960 qnam
344 900 398 948 sole
411 899 420 946 i
434 899 520 962 liujus
535 907 621 951 autern
640 901 720 952 totins
731 903 781 953 loci
818 905 891 966 roos:
910 919 956 955 sen
969 905 1074 955 odorem
1090 906 1243 969 impressum
1259 919 1275 954 a
1292 919 1347 956 cor·

255 973 312 1023 lrrec
323 975 452 1024 sententia
471 982 525 1026 est:
543 976 611 1040 qnod
629 975 713 1026 fracte
729 992 781 1028 om·
818 981 1044 1045 poraquiercentis
1064 980 1129 1031 ferar
1147 980 1292 1045 significan
1304 997 1349 1036 oe·

255 1051 298 1099 nir
319 1052 399 1114 magis
422 1051 538 1101 redolere
565 1052 684 1102 ridentur
705 1066 781 1116 quarn
817 1056 1349 1121 terumper‘plagamcalidarn'intellige

257 1139 308 1175 non
320 1125 414 1188 fracta,
425 1126 492 1191 qood
509 1127 631 1188 contrite,
643 1126 711 1190 qnod
727 1127 781 1189 igni
818 1132 999 1192 recentiorem,
1010 1139 1088 1195 stqne
1100 1130 1165 1180 adeo
1174 1133 1349 1182 aeterniorem

256 1200 341 1251 victa:
358 1201 413 1250 haec
432 1200 579 1262 significant
596 1208 674 1266 atqoe
697 1202 782 1253 decla·
818 1219 863 1256 sen
883 1205 1014 1256 efficacem
1033 1208 1125 1271 magis.
1153 1207 1184 1256 ln
1207 1222 1238 1257 eo
1259 1217 1348 1258 antem

257 1283 326 1339 rant,
337 1277 429 1327 odores
441 1293 457 1326 a
468 1279 543 1328 rebor
555 1278 658 1342 penitus
669 1293 782 1329 manare·
819 1280 919 1344 poiilice
929 1283 1051 1346 loquitor.
1085 1283 1195 1334 Constat
1205 1284 1350 1334 intensissi-

257 1351 338 1402 [Δηώ.
357 1353 529 1413 Cosrolrsorln.
551 1355 594 1403 Sic
604 1369 637 1404 ea
649 1361 700 1404 vet.
710 1355 782 1404 libris
818 1369 886 1404 moro
906 1355 988 1420 frigus
1005 1357 1108 1408 obstare
1124 1356 1245 1410 effusioni
1262 1360 1350 1412 liberi·

257 1427 359 1490 scripsi,
374 1428 438 1478 licet
456 1429 526 1493 vulg.
548 1430 695 1494 etquidem
713 1439 783 1480 vete·
819 1433 858 1480 orl
877 1432 994 1482 odorum.
1011 1433 1097 1483 Faber.
1129 1434 1256 1498 Sequenti
1273 1449 1350 1484 verra

257 1516 313 1550 res:
331 1502 496 1563 mairiesarlo.
520 1505 581 1554 Vsa.
598 1520 669 1570 seqq.
682 1513 709 1556 et
725 1519 782 1558 sen·
818 1509 926 1572 ‘plaga’
938 1509 1161 1572 dicitnr‘cslidr‚'
1168 1511 1279 1576 ideoque
1289 1511 1350 1562 dom

257 1577 341 1626 tentia
365 1578 511 1640 postulant:
540 1581 626 1628 corcol.
651 1581 702 1628 imo
725 1580 783 1642 ipss
820 1590 956 1634 cunctator
976 1584 1131 1650 refrigescit.
1171 1587 1285 1637 Cenem
1304 1601 1349 1636 ao·

257 1651 394 1716 elegantia
426 1653 466 1701 Ut
476 1653 540 1702 nihil
552 1652 635 1704 ditum
647 1653 681 1703 de
695 1653 783 1712 fluit!
820 1671 872 1713 tem
884 1663 1082 1714 intensisrinronr
1093 1663 1175 1729 frigus
1194 1665 1300 1714 obstare
1311 1663 1350 1716 ef-

257 1728 351 1793 elioqui
362 1729 516 1794 liorroitoplp.
535 1730 621 1790 Gisos.
820 1738 916 1789 fusioni
927 1739 1041 1790 liberiori
1048 1740 1165 1790 odorum.
1188 1740 1219 1789 ln
1231 1741 1351 1790 omnibns

289 1804 671 1864 ⁷⁰2Mll'0t'ffi1ss‘mcrwilm
691 1806 784 1860 Priati-
819 1817 930 1866 vetustis
952 1816 1139 1880 exemplariism
1162 1831 1211 1866 vss·
1232 1817 1351 1867 Lucretii

254 1879 304 1941 piir
313 1879 375 1944 rori]
396 1881 463 1944 Vori,
480 1880 498 1930 i.
518 1896 541 1930 e.
560 1895 633 1941 voce,
649 1897 695 1932 seu
706 1898 783 1948 qnarn
821 1891 858 1940 sic
865 1891 1000 1953 leguntur:
1014 1891 1158 1952 liesrigerril
1165 1893 1350 1942 crisrrrrssrtcss-

257 1967 356 2006 vocem.
389 1955 484 2006 Videre
504 1957 614 2021 (inquit)
632 1959 703 2022 lices,
724 1961 784 2011 odo·
819 1968 850 2014 (lo
861 1969 985 2030 plogopsr
1001 1983 1080 2028 orror,
1098 1969 1150 2017 Neo
1166 1970 1352 2020 mondin-

257 2043 310 2079 rem
322 2039 435 2090 creatum
452 2047 509 2081 esse
526 2047 560 2081 ex
575 2034 712 2097 majorinus
729 2043 782 2086 elo·
820 2043 1003 2093 srmdecarrarst
1013 2043 1097 2091 sirmio
1107 2057 1195 2092 rsrars.
1230 2043 1350 2093 Recedes

257 2107 306 2156 mis
317 2122 390 2158 vore.
423 2108 500 2161 Quod
517 2116 601 2164 antem
622 2111 647 2159 in
666 2112 735 2174 vulg.
752 2113 782 2162 li·
819 2131 834 2166 a
854 2131 928 2167 senso
947 2119 1064 2168 Lucretii
1082 2126 1111 2169 et
1130 2121 1167 2169 rei
1187 2120 1313 2182 veritate,
1329 2121 1353 2170 si

256 2182 310 2232 bris
331 2191 359 2234 et
379 2197 506 2234 manuscr.
526 2185 622 2248 legitor
641 2185 710 2249 oront
726 2203 783 2249 ror,
821 2192 948 2242 ‘nuntia'
976 2201 1111 2244 construas
1138 2211 1197 2244 enm
1225 2196 1350 2260 ‘plagae'

258 2257 334 2321 culpa
346 2258 505 2308 librariorum
515 2259 669 2323 scriptorum
680 2267 730 2323 est,
740 2262 783 2324 qni
820 2265 896 2316 Vosr.
908 2267 939 2314 ed
952 2267 1047 2316 catull.
1058 2283 1085 2333 p.
1098 2273 1153 2319 173.
1172 2271 1269 2321 Creecls.

257 2345 315 2381 cnm
324 2332 357 2381 ad
366 2347 435 2382 oram
445 2333 569 2384 librorum
578 2334 736 2398 adscriptam
745 2351 783 2385 re·
852 2346 900 2392 708
919 2343 972 2392 Ner
990 2345 1067 2398 calido
1087 2348 1119 2394 aii
1136 2361 1228 2396 reram
1245 2349 1351 2398 ommi}

257 2407 394 2470 perissent,
422 2423 437 2456 e
462 2409 567 2471 regione
594 2411 703 2458 norninis
724 2412 784 2474 roci,
820 2421 904 2468 startia
924 2421 1014 2484 remiss]
1036 2422 1080 2472 Sic
1109 2424 1222 2486 restitui,
1244 2433 1352 2476 recntos

255 2483 784 2547 qransrorem,lsocipsumintcxtnramver·
820 2493 929 2544 obscure
956 2497 1052 2546 veteris
1073 2499 1209 2562 scripturo
1231 2503 1354 2566 vestigia,

257 2557 349 2609 borum
362 2557 466 2607 Locret.
478 2558 661 2621 conjecerunt:
679 2560 783 2625 deinde,
821 2570 954 2634 ipsamque
972 2572 1039 2621 adeo
1057 2574 1209 2625 veritatem:
1225 2576 1356 2627 ‘nuntia’

258 2646 316 2679 cum
329 2631 356 2690 ii,
367 2633 399 2680 ad
409 2646 473 2695 quos
484 2633 544 2683 libri
555 2635 592 2684 illi
602 2645 784 2699 pervenerant,
821 2645 887 2694 enirn
898 2647 996 2696 numeri
1011 2648 1147 2711 singularis
1157 2657 1198 2700 est
1215 2651 1265 2701 hoc
1282 2653 1353 2717 loeo,

257 2707 327 2755 lsnnc
355 2721 454 2756 versum
478 2717 587 2772 propter
607 2711 733 2776 syllabam
758 2716 783 2764 in
824 2721 925 2782 generis
947 2721 1082 2785 feminini,
1100 2733 1128 2774 el
1146 2726 1264 2776 colrreret
1292 2743 1352 2779 earn

258 2783 337 2831 tertio
360 2782 427 2845 pede
444 2793 619 2847 superantem,
637 2803 695 2836 csse
714 2804 784 2839 men·
821 2795 923 2844 nomine
935 2796 942 2822 ‘
953 2797 1046 2860 plaga,’
1063 2807 1092 2848 nt
1104 2800 1191 2850 ritlsic
1202 2802 1354 2865 ordonen-

257 2857 347 2907 dorum
357 2859 494 2918 sentirent,
511 2860 699 2914 snbrtitoeront
714 2881 784 2928 proni
822 2884 872 2932 qne
883 2872 1012 2920 sententio
1028 2873 1180 2924 verborum:
1202 2877 1261 2926 Nec
1274 2879 1354 2944 plage

256 2947 312 2982 nox.
345 2933 387 2983 Its
398 2933 547 2984 Lucretium
565 2936 658 2988 vitiose
674 2947 703 2989 et
714 2955 783 2994 rnen·
822 2945 937 2994 decurrit
948 2945 981 2994 ad
1001 2962 1090 2998 sensus
1107 2951 1189 3000 calida
1207 2956 1311 3018 nuntia,
1326 2956 1353 3005 id

257 3008 319 3058 ‹lore
331 3025 375 3059 sua
387 3009 476 3073 lingon
486 3011 636 3076 loquentem
653 3014 782 3068 fecerunt.
821 3028 872 3083 est,
895 3036 987 3072 recens
1012 3026 1153 3076 nuntiatrix
1180 3043 1276 3080 rernm.
1308 3033 1353 3083 Sic

257 3083 326 3134 Naro
353 3099 411 3136 eum
438 3088 589 3152 conjunctio
616 3092 725 3157 ‘qnam,'
754 3101 784 3144 nt
821 3097 1079 3152 eontintntnrr.
1095 3104 1211 3154 ‘Nuntia
1230 3109 1353 3169 praeclari

257 3167 364 3223 catere,
381 3164 487 3227 copulet
506 3165 612 3218 simileia
629 3182 715 3231 cason,
734 3165 782 3219 La·
822 3174 914 3233 soltus,
934 3176 1083 3240 pulchrique
1100 3179 1208 3228 eoloris!
1226 3187 1255 3230 et
1274 3186 1352 3233 lito.

258 3235 312 3283 tine
330 3236 381 3286 dici
403 3253 454 3288 oon
476 3248 573 3304 potest,
595 3243 699 3294 ‘videre
720 3245 782 3296 lieet
822 3248 897 3298 ‘Neo
917 3249 950 3299 de
965 3264 1147 3317 corporeque
1165 3263 1255 3307 sancto
1272 3258 1353 3308 simn-

257 3309 362 3358 odorem
370 3313 504 3375 majoribus
513 3318 645 3381 principiis
653 3329 782 3384 constare,
822 3325 892 3374 locro
909 3315 1028 3377 seronior
1046 3329 1078 3378 In
1090 3332 1198 3380 menteis
1218 3332 1350 3385 hominnm

258 3398 333 3447 quarn
362 3386 429 3435 vox-⁹
455 3391 537 3439 nomo.
576 3393 708 3453 Maioribus
733 3411 783 3446 erre
821 3401 916 3450 divinas
933 3404 1024 3453 nnntia
1041 3403 1149 3467 forme:
1165 3409 1215 3458 ase.
1247 3409 1292 3460 Sic
1310 3412 1349 3462 Μ.

257 3463 493 3526 orrolamprincipiir
504 3481 636 3529 paomoox.
670 3471 782 3534 Egregia
820 3477 1352 3537 'rulllior.neomeniarrsrnnts-

258 3535 377 3586 Lambini
387 3540 552 3602 conjecturs:
573 3543 709 3607 legendnm
723 3549 782 3597 orci.
822 3553 888 3603 toria
898 3555 972 3604 testis
987 3562 1141 3620 temporum,
1157 3559 1203 3610 lnx
1221 3561 1351 3628 veritatis,

259 3609 290 3659 ln
312 3610 385 3661 libris
404 3621 506 3664 antem:
534 3632 603 3680 qaam
625 3635 678 3670 nor.
716 3622 782 3672 vids
821 3628 1351 3700 ritamenroriae,magistrorite,nnntia

258 3683 390 3736 lnrlicem:
414 3688 593 3753 ‘comparat'
612 3693 697 3754 Gisast.
717 3695 783 3757 Veri,
821 3705 976 3755 vetustatis!
1018 3707 1115 3758 Errant
1136 3709 1226 3773 igitar,
1248 3715 1293 3778 qni
1316 3731 1352 3766 er

258 3760 281 3809 l.
293 3775 318 3810 e.
328 3761 468 3823 majoribus
479 3765 611 3831 principiis
633 3785 708 3832 quern
723 3779 784 3822 sunt
820 3779 860 3828 liis
877 3782 940 3831 locls
959 3783 1068 3846 probare
1087 3793 1222 3848 conantur,
1239 3791 1351 3842 mnu

258 3835 328 3883 vocis
338 3836 473 3901 principie.
491 3841 576 3891 Faber.
590 3851 618 3893 et
628 3845 724 3896 Creerli.
820 3855 1010 3906 substantivum
1026 3861 1142 3911 neutrius
1158 3865 1351 3926 generisosita·

290 3917 337 3964 705
359 3915 438 3970 erore
455 3919 528 3968 etiosa
546 3923 783 3986 quadriennem
822 3936 875 3980 torn
887 3945 961 3981 esse:
979 3947 1037 3984 nam
1056 3935 1083 3984 in
1101 3937 1150 3997 liis,
1167 3940 1265 4005 ‘plage
1284 3957 1351 3992 nnn·

258 3986 367 4052 (inquit)
385 3989 483 4041 ridebis
500 4008 551 4044 non
568 4011 624 4047 esse
644 4006 695 4048 tam
706 3999 783 4050 facile
821 4005 875 4067 tia,'
885 4014 912 4055 et
922 4007 930 4034 ‘
940 4008 1077 4059 simulacra
1088 4013 1198 4076 nnntie‚’
1211 4017 1351 4080 perspicae

259 4064 374 4127 vestigiis
386 4069 530 4131 exquirere,
547 4071 591 4121 nbi
610 4073 644 4124 sit
664 4075 700 4137 id,
715 4077 783 4140 qnod
822 4095 871 4129 vox
882 4081 1006 4132 ‘nantia’
1017 4093 1058 4136 ast
1070 4085 1102 4135 ad
1113 4102 1206 4138 nornen
1215 4091 1351 4159 sdjonots,

260 4134 348 4195 oleti.
360 4143 463 4204 equod
480 4145 585 4196 odorem
603 4149 694 4212 mittit,
709 4165 783 4214 qnam
822 4168 868 4202 sen
892 4156 1040 4220 adJectirs:
1065 4162 1118 4212 illic
1145 4165 1250 4229 quidem
1276 4168 1350 4222 fem.

259 4206 335 4257 facile
361 4221 411 4274 est,
439 4231 595 4282 cognoscere
617 4231 646 4274 et
669 4227 784 4290 reperire
821 4243 880 4292 pen·
907 4235 1005 4282 numeri
1025 4235 1090 4300 sing.
1111 4237 1154 4287 lric
1177 4255 1238 4293 sero
1263 4253 1351 4296 nentr.

260 4283 524 4349 andemittetnrrox.
539 4296 622 4348 Mari.
821 4307 920 4356 numeri
943 4309 1123 4366 multitudinis
1139 4315 1224 4372 mni.
1256 4319 1349 4376 Drm-
