3020 4888
256 369 344 438 1878
581 340 709 436 'uorn
734 385 935 436 vsnronuu
960 387 999 436 ru

258 537 331 583 teres
345 531 407 598 qnid
425 530 475 582 slbi
488 532 578 583 roiout
595 531 649 592 ills,
668 525 786 580 ‘suimus
824 535 885 580 met.
923 527 992 580 lleo
1010 529 1126 578 Vossius.
1153 527 1195 578 'lit
1213 541 1278 578 rere
1295 539 1353 590 spe·

257 623 323 673 ques
334 607 368 658 sb
378 622 406 657 se
422 607 539 672 protinus
555 607 661 658 obditl'
683 609 751 658 Nom
764 606 786 655 si
824 606 895 654 oiors
906 606 970 656 estis
990 610 1031 654 ert
1048 605 1131 656 alters
1149 603 1195 654 ills
1213 603 1354 654 multorom

256 685 307 734 boc
328 684 484 749 significent,
502 687 613 736 ssimum
635 685 724 735 stetim
746 697 787 732 rss
825 680 1076 742 bireleetionprr‘us
1092 685 1138 744 ert,
1155 681 1200 730 sed
1221 681 1307 730 minos
1320 679 1356 728 ri·

258 761 351 812 dubios
370 776 386 810 n
402 776 430 812 se
449 764 585 827 repellere,
605 770 684 828 etque
702 773 788 824 sper-
825 754 903 806 detor
919 755 1068 808 sstirfeeere
1090 765 1118 806 st
1138 756 1297 819 respondere
1317 754 1357 804 in·

259 838 356 901 splenis
372 845 400 888 et
419 840 519 903 opertis
539 839 707 903 distinguere,
728 838 788 902 quin
825 833 918 882 stitntn
929 831 1014 896 po'e'te
1030 833 1121 896 nostri,
1133 833 1176 898 qui
1189 833 1286 882 doeere
1302 831 1359 880 ruit

258 913 305 962 bas
331 913 469 978 intelliget,
487 915 544 965 illes
569 915 789 978 comprehendere
826 907 1356 972 sensusuouislli,liestislliridesntur;
1413 925 1416 930 ·

261 991 419 1053 nonpossit;
436 989 528 1042 fulsum
539 999 579 1042 est
591 991 653 1041 nibil
664 1005 721 1040 esse
739 1004 789 1038 mo·
827 985 953 1047 stillum,
972 986 1016 1050 qul
1040 987 1167 1050 pereipist
1190 1001 1281 1038 sensus
1299 999 1358 1036 rros

260 1067 299 1129 gis
310 1067 450 1132 egregium,
461 1083 537 1133 qusm
549 1083 590 1118 res
600 1075 705 1132 apertos
716 1083 733 1116 s
742 1067 789 1116 du·
826 1074 879 1112 uon
898 1059 961 1124 tutu,
978 1062 1060 1114 virum
1071 1077 1127 1114 esse
1144 1063 1289 1127 egregium,
1308 1065 1361 1113 dre.

262 1143 464 1194 biisseesrosro·
497 1145 609 1196 Omnino
627 1146 653 1194 in
671 1146 720 1194 boe
732 1144 790 1194 looo
828 1145 856 1186 ut
867 1140 891 1186 7.
902 1140 927 1186 7.
951 1137 1020 1188 ‘Sed
1041 1139 1077 1190 nil
1099 1139 1202 1189 dulcius
1220 1145 1273 1202 est,
1292 1139 1361 1188 beno

261 1218 324 1268 rnihi
343 1233 410 1284 equs
430 1220 522 1281 beret,
545 1234 628 1284 neque
649 1219 790 1284 quidquam
827 1225 903 1275 quem
920 1213 1020 1264 munite
1035 1221 1126 1264 tenere
1143 1214 1224 1264 ildito
1239 1214 1363 1264 doctrine

260 1293 331 1343 sliorl
343 1292 430 1344 dicere
440 1309 553 1357 possum,
570 1309 646 1359 quoni
657 1293 725 1358 quod
738 1307 790 1342 mo·
827 1287 971 1351 sopientnm
982 1287 1197 1354 templssersne,’
1208 1293 1259 1340 dre.
1269 1287 1364 1351 scripsi

263 1368 298 1419 do
315 1368 380 1432 dixi,
398 1370 459 1420 mibi
477 1371 622 1420 bosversur
640 1384 691 1421 non
711 1369 792 1418 videri
828 1377 889 1416 vero
915 1381 1040 1431 ramere,
1067 1381 1126 1418 oum
1155 1367 1221 1416 Mes.
1244 1365 1362 1428 optimis.

263 1447 442 1497 Lucretisnos.
459 1447 541 1498 hub.
575 1449 640 1498 Num
654 1445 716 1496 nibil
725 1459 791 1508 egre·
828 1441 895 1493 Hos.

261 1521 319 1583 gius
337 1527 382 1584 su,
402 1537 471 1585 quoru
487 1538 526 1572 rer
545 1521 676 1572 discernere
692 1527 793 1585 opertus.
860 1521 908 1567 471
926 1519 1035 1583 Denique
1050 1521 1087 1570 nil
1105 1519 1182 1586 deiri]
1208 1519 1286 1583 Hier,
1305 1533 1365 1584 qua

264 1595 307 1646 Its
317 1597 383 1646 bunc
395 1611 494 1647 versum
506 1613 539 1648 ex
551 1607 603 1647 rer.
610 1597 682 1647 libris
690 1595 794 1658 scripsi.
830 1602 982 1658 sequuntur,
998 1594 1121 1644 dicuntur
1135 1597 1161 1644 in
1173 1595 1367 1644 Aesdernioosr

264 1671 297 1722 lu
310 1671 618 1737 quibusdomreteribus:
629 1673 727 1736 egrius.
738 1673 795 1722 Ms-
832 1670 876 1734 qui
891 1669 953 1719 nibil
969 1671 1154 1734 comprehendi
1175 1685 1263 1734 posse,
1274 1683 1367 1718 sensns

264 1748 357 1809 rullur,
373 1763 500 1812 seems,
516 1758 607 1800 contre
629 1756 681 1799 ret.
704 1748 815 1798 librom·
832 1755 889 1794 esse
906 1742 1021 1794 isllsoeir
1041 1759 1073 1796 so
1091 1743 1239 1796 meudooeis
1258 1753 1370 1794 contem

266 1825 404 1876 Lsmbinos
424 1825 469 1875 bos
486 1824 551 1874 duos
570 1822 684 1886 laetifer.
708 1823 795 1884 Gisos.
833 1819 906 1870 dunt.
938 1821 982 1872 Sic
992 1822 1161 1873 Metrodorus
1175 1821 1267 1884 chius,
1284 1827 1314 1870 st
1327 1834 1370 1870 re·

266 1899 794 1962 Hidooversosnbimperitsrnruusontr
833 1895 886 1949 sert
912 1897 952 1948 Μ.
968 1899 1036 1949 Tull.
1064 1899 1091 1948 in
1115 1899 1241 1950 lucullo:
1271 1898 1370 1960 ‘Nego

266 1975 356 2040 itsque
383 1975 493 2026 delendi.
518 1975 604 2026 Faber.
650 1975 715 2024 Nous
735 1973 797 2024 silli
833 1975 900 2023 seire
910 1988 966 2038 nos,
983 1975 1127 2026 scimusne
1138 1976 1235 2041 aliquid
1252 1990 1287 2025 nn
1304 1973 1370 2022 nibil

266 2051 388 2114 egregius,
398 2053 438 2111 t‘c.
455 2051 508 2101 Alii
519 2051 602 2101 Codd.
619 2050 683 2099 Nom
693 2050 754 2100 rsilril
763 2065 796 2098 «ε-
833 2050 942 2100 sciemus
952 2065 959 2098 z
971 2064 1004 2100 ne
1012 2049 1039 2100 id
1049 2050 1133 2114 ipsum
1142 2049 1247 2114 quidem
1256 2051 1371 2110 nescire,

264 2127 335 2188 grim
344 2131 390 2189 est,
408 2134 437 2176 et
449 2134 530 2175 reete.
564 2124 796 2178 Hosduosuersns
834 2130 880 2174 sut
908 2125 975 2174 seire
1005 2140 1068 2175 nors
1096 2139 1145 2176 nee
1168 2126 1276 2176 omnino
1299 2125 1369 2174 situs

267 2200 392 2265 rejiciunt
411 2202 578 2265 interpretes,
600 2202 732 2266 improbet
760 2216 797 2252 rs.
834 2199 940 2264 sliquid,
967 2214 1000 2248 sn
1028 2199 1090 2249 nibil
1116 2199 1170 2250 sit!
1202 2200 1278 2250 Idem
1304 2197 1370 2249 ibid.

267 2281 325 2328 467.
344 2278 434 2328 docuit
460 2278 534 2328 ‘Nos
555 2277 651 2332 addere
677 2278 797 2341 opinatus
833 2273 1371 2338 ⁶Parmenides,xenopmnes,mruusoo-

269 2352 367 2414 onirui,'
389 2353 470 2416 igitur
487 2353 514 2402 ln
534 2367 571 2402 rs.
590 2357 648 2402 otu.
667 2353 798 2416 prouidit
834 2348 875 2398 nis
891 2359 1044 2413 quemquern
1064 2350 1192 2412 versibus,
1210 2349 1258 2399 sod
1280 2355 1371 2400 tsrnen

267 2427 372 2490 legetur
390 2429 468 2484 addit,
485 2433 513 2476 et
533 2434 587 2477 tum
609 2427 695 2476 omnis
719 2429 799 2492 pinus
834 2423 885 2474 illis
897 2425 1020 2490 versibus,
1032 2426 1171 2490 increpent
1188 2440 1279 2476 eorour
1298 2440 1372 2476 erro-

269 2507 384 2552 eruntet
395 2500 500 2551 fecitis:
518 2502 798 2554 Fellimuriuomnibns
835 2501 958 2564 pontiam,
975 2502 1048 2566 qussi
1066 2502 1137 2565 iusti,
1156 2502 1210 2568 qni,
1229 2516 1289 2552 conr
1307 2501 1374 2552 sciri

269 2577 327 2628 istis
339 2578 465 2640 exemplis
477 2593 535 2642 qun
545 2577 621 2628 modo
630 2579 798 2644 enumerarit,
836 2576 899 2625 nibil
910 2577 1001 2640 possit,
1011 2577 1123 2627 sedeunt
1133 2591 1161 2628 se
1172 2579 1241 2628 seire
1258 2577 1372 2628 dicere!

269 2651 348 2715 idque
359 2652 438 2700 etism
449 2650 591 2712 admoniti,
607 2651 713 2704 difficile
731 2655 798 2705 euius
836 2649 946 2700 ibidesur
962 2651 1100 2702 ‘Dubitsri
1117 2667 1170 2704 uon
1190 2659 1288 2718 potest,
1308 2655 1372 2718 quin

269 2724 391 2790 profecto
410 2734 451 2776 est
468 2740 520 2777 non
537 2727 633 2777 sddere
653 2728 799 2792 opinionem
836 2726 938 2778 Soorsti
956 2727 1019 2778 nibil
1036 2728 1071 2778 sir
1089 2731 1174 2780 risum
1193 2730 1254 2780 solri
1273 2744 1372 2794 posse:

269 2801 347 2850 enimi
358 2799 435 2850 rebus
452 2814 468 2850 s
489 2815 566 2850 sensu
582 2802 684 2852 delatis.
702 2804 797 2854 crescis.
836 2801 944 2866 excepit
952 2815 1030 2854 onom
1046 2808 1160 2874 tentum,
1171 2805 1240 2854 seire
1251 2819 1289 2865 se,
1308 2805 1374 2854 nibil

271 2874 530 2936 Nomnibilegregins,
541 2883 800 2938 psosrrerestemere
837 2889 865 2926 re
884 2877 967 2927 scire:
985 2876 1049 2926 nibil
1064 2878 1184 2942 emplius.
1202 2879 1264 2945 quid
1285 2881 1374 2930 diesin

269 2953 371 3012 opertos.
387 2949 432 2998 Sin
443 2949 563 3000 Sanctio
575 2951 639 3002 bilo.
653 2952 697 3002 lib.
707 2959 731 3004 l.
742 2969 800 3019 erp.
836 2951 870 3000 ds
891 2953 1022 3003 Pleione?
1047 2953 1091 3018 qui
1112 2961 1186 3004 uerte
1205 2961 1259 3005 teru
1282 2956 1375 3006 moltis

271 3028 312 3073 11.
345 3025 466 3073 Ceterum
478 3032 508 3074 ut
534 3025 688 3090 ‘proprior'
715 3042 800 3090 npro·
835 3027 1144 3092 librisbrecperreontus
1159 3040 1305 3089 nonerunt,
1323 3033 1375 3082 nisi

269 3102 340 3166 prius
362 3101 430 3164 spud
451 3101 538 3152 Pisut.
555 3103 581 3152 in
593 3103 674 3152 Most.
688 3107 713 3153 l.
724 3108 800 3154 boli.
836 3100 1017 3165 proberisset!
1038 3104 1122 3156 hub.
1149 3107 1208 3156 Vss.
1225 3111 1251 3157 9.
1268 3105 1376 3156 Aesis·

269 3177 521 3239 unctoreSslmssio,
542 3177 580 3226 its
600 3177 751 3242 ‘egregios'
766 3179 800 3229 eb
836 3178 916 3227 mieos
933 3192 1022 3242 noros,
1046 3195 1154 3245 quorun
1176 3181 1300 3245 princeps
1323 3181 1376 3231 luit

270 3253 400 3314 egregius,
410 3252 477 3301 uode
488 3260 516 3302 et
533 3261 653 3303 neutrum
669 3267 800 3317 compers-
836 3249 976 3317 Arcesilss,
993 3255 1153 3319 aggreditur,
1173 3265 1201 3308 et
1212 3264 1317 3308 veteres
1328 3260 1376 3322 qui

270 3325 362 3387 tivuru,
378 3326 532 3388 ‘egregium'
545 3327 614 3390 quod
629 3329 667 3376 sle
678 3330 800 3379 occurrit.
837 3326 970 3378 Socratem
982 3330 1085 3393 sequuti
1099 3338 1176 3381 sunt:
1203 3331 1292 3397 Siquis
1304 3335 1375 3382 euim

271 3399 356 3461 Preig.
383 3397 460 3450 Adde
480 3399 523 3449 lo.
542 3401 604 3451 Ger.
629 3403 747 3453 vossium
766 3403 801 3454 de
837 3401 936 3453 dixerit
952 3404 1031 3454 ‘nibil
1051 3405 1113 3456 seiri
1132 3407 1227 3472 posse‚'
1247 3408 1274 3458 id
1292 3410 1376 3459 etism

272 3472 347 3523 Aust.
358 3479 382 3522 2.
397 3478 439 3526 2⁷.
458 3475 502 3524 ubl
522 3475 598 3525 riouti
616 3476 757 3528 ‘erdoios'
774 3485 802 3530 et
837 3475 920 3540 ipsum
931 3481 939 3506 ‘
949 3479 1010 3528 nibil
1022 3480 1083 3530 sciri
1095 3482 1188 3544 porse'
1204 3485 1310 3535 neeeist
1330 3499 1377 3534 ne·

271 3549 803 3616 ‘arduissimus'nCatonedieiostendit3
838 3565 911 3601 cesse
938 3560 987 3618 est,
1012 3555 1127 3619 slioquin
1154 3559 1255 3624 aliquid
1283 3561 1377 3610 eoiret.

270 3624 550 3688 etque⁴nesiduioree’
566 3619 681 3692 sbsliis;
709 3630 801 3681 itsdo·
837 3627 903 3678 lude
913 3628 1078 3681 Metrodorus
1090 3632 1170 3682 Chius
1181 3636 1252 3699 epod
1267 3637 1377 3688 Ciesro·

270 3698 482 3762 ost‘epregius’
506 3714 607 3765 quoque
627 3716 660 3751 ex
682 3717 738 3754 sese
756 3719 800 3754 ou·
838 3717 897 3753 nem
915 3705 941 3754 iu
960 3705 1087 3755 Looullo:
1116 3708 1214 3773 ‘Nego
1226 3711 1296 3762 seire
1319 3727 1378 3775 nos,

271 3775 340 3838 μεὶς
374 3773 501 3839 quomodo
523 3773 653 3825 Poenulus
672 3777 697 3826 iu
720 3779 801 3830 Medo
836 3778 979 3829 solemnius
1000 3781 1108 3846 sliquirl,
1125 3797 1159 3833 sn
1175 3786 1377 3848 nibilsolsnrus.

270 3849 346 3910 dixit,
369 3849 484 3898 ‘Mulier
503 3849 679 3911 egregiissimus
702 3851 802 3902 forms!
837 3853 905 3902 neid
915 3853 999 3917 ipsum
1008 3858 1114 3920 quidem
1125 3861 1237 3927 nescire,
1247 3869 1295 3914 sut
1306 3867 1378 3916 seire

270 3927 328 3976 Iruo
347 3925 525 3989 comparativo
541 3939 643 3989 qnoque
655 3941 713 3977 usus
730 3929 800 3978 inre·
837 3940 895 3990 uos,
914 3943 964 3980 neo
985 3933 1090 3984 omnino
1111 3935 1182 3986 sitne
1207 3939 1308 4004 aliquid
1330 3949 1379 3993 sot

271 4002 447 4053 uitrrrJoven.
463 4003 519 4052 Set.
533 4005 572 4052 10.
592 4003 734 4067 ‘Egregius
749 4019 800 4056 eos·
837 4004 899 4057 nibil
920 4006 989 4056 sitr'
1012 4009 1060 4059 sed
1078 4024 1138 4061 cum
1159 4012 1311 4066 istiusmodi
1333 4019 1379 4067 ιη.

271 4083 326 4139 παὶ,
351 4077 493 4143 meliusque
516 4077 671 4128 miserrimus
692 4078 801 4131 lrornm.'
837 4079 947 4130 minibus
974 4096 1024 4132 non
1044 4091 1087 4134 est
1104 4085 1305 4153 disputandum,
1332 4094 1378 4157 qrsi

272 4149 316 4198 ubi
332 4153 484 4215 ‘egregius'
500 4167 548 4216 pro
559 4153 689 4217 egregiius
701 4155 762 4218 poui
773 4162 801 4205 et
838 4155 899 4219 quid
920 4157 958 4206 sit
976 4172 1077 4222 rerum,
1096 4161 1160 4225 quid
1182 4163 1288 4229 salsum,
1312 4169 1378 4230 qrrid

271 4222 420 4274 Priscisnus
432 4231 553 4289 testetur,
569 4234 596 4277 et
607 4229 740 4277 sententis
748 4228 801 4278 ols·
838 4236 1017 4300 eertum,quid
1028 4238 1166 4307 incertum,
1174 4243 1237 4306 quiri
1251 4244 1287 4292 sit
1298 4247 1379 4308 scire,
