2996 4888
283 752 772 875 recussus
806 665 1373 874 scissorium

494 1013 553 1098 T·
580 1009 902 1100 nocuum
928 1005 1113 1138 curer,

595 1236 778 1301 lucrios
798 1233 1062 1307 FABRICIANO,

564 1405 605 1454 si·
620 1403 659 1452 IN
674 1402 758 1452 Tm
773 1399 908 1450 AEI'ATES
924 1395 1093 1448 marsius

625 1697 681 1763 [rx
707 1697 761 1746 sn.
786 1693 919 1744 errores.
946 1695 1032 1758 roos]

647 1827 762 1888 AETAS
784 1827 809 1884 1.
828 1823 1011 1884 NATnLis

729 1963 938 2026 1473-1558.

285 2131 424 2207 Ευιτιο
437 2143 584 2222 princeps.
599 2142 664 2202 Pol.
684 2160 708 2200 s.
722 2159 750 2198 s.
764 2140 829 2198 etl.
853 2155 907 2215 per
927 2135 1076 2196 'rhomum
1097 2137 1275 2213 Ferendum,
1298 2140 1377 2201 cluss.

287 2242 373 2301 Rom.
387 2241 499 2318 absque
513 2238 588 2316 sign.
607 2246 685 2296 cust.
704 2243 735 2294 et
751 2253 839 2312 pugg.
861 2231 970 2310 Incipit
991 2232 1030 2291 sb
1048 2232 1113 2310 ipso
1134 2235 1380 2310 auctoristextu,

285 2335 347 2395 sine
360 2335 457 2396 titulo.
497 2335 531 2392 ln
547 2333 605 2393 liue
620 2333 684 2391 haec
696 2331 851 2410 leguntur:
866 2338 962 2390 ‘rurs
984 2345 1149 2391 sucuscn
1166 2345 1251 2392 cnm
1273 2347 1379 2399 unis.
1475 2363 1476 2377 κ

286 2432 421 2492 Lucrecii
435 2431 561 2491 Unicum
577 2448 654 2488 mess
666 2429 696 2487 iu
711 2447 813 2488 nunus
826 2447 892 2488 curn
913 2427 1093 2505 penenuset
1112 2427 1262 2507 exemplar
1284 2427 1324 2488 de
1345 2448 1380 2488 eo

284 2525 483 2607 imprimendo
502 2526 641 2586 desituri:
662 2525 744 2603 quod
764 2533 828 2584 erut
847 2522 966 2584 difficile
986 2523 1072 2583 unico
1093 2523 1132 2584 de
1152 2525 1289 2603 exemplo
1313 2545 1380 2603 quse

282 2623 397 2682 librarii
409 2631 507 2682 essem
525 2621 663 2700 preterita
676 2618 851 2696 negligentis
864 2618 1017 2693 corrigere.
1057 2619 1166 2678 Verum
1186 2620 1239 2678 ubi
1258 2621 1380 2680 alterurn

284 2717 478 2796 perquisitum
491 2717 639 2795 eremplsr
650 2713 819 2774 adinvenire
831 2732 890 2773 non
903 2712 1005 2791 potui:
1021 2713 1085 2773 Huc
1101 2713 1166 2792 ipss
1186 2726 1285 2775 motus
1303 2717 1379 2776 diffi-

285 2811 396 2873 cultate
409 2812 497 2872 unico
520 2813 607 2870 etiem
628 2812 710 2871 dicto
729 2810 888 2889 exemplari
912 2807 991 2869 volui
1013 2807 1119 2868 librum
1142 2829 1230 2888 qnam
1255 2813 1380 2875 maxime

285 2927 381 2969 nrum
401 2925 588 2967 communem
608 2907 706 2966 inultis
725 2905 822 2966 fecere
842 2903 1002 2966 studiosis:
1024 2903 1166 2982 siquidem
1186 2907 1304 2968 facilius
1327 2911 1381 2970 erit

286 3021 384 3084 peuce
396 3003 462 3063 locs
475 3003 522 3062 vel
536 3001 672 3061 alicunde
684 3000 778 3061 ultero
791 2999 949 3078 exemplari
969 2999 1110 3060 extricato
1133 3001 1179 3060 rel
1203 3023 1258 3064 sno
1282 3006 1380 3067 stridis

286 3101 430 3178 crsugsre
449 3109 480 3158 et
496 3097 663 3175 diligentis:
681 3115 771 3175 qusuu
789 3097 903 3174 integro
914 3113 1011 3154 cerere
1025 3096 1179 3156 volumine.
1221 3101 1379 3164 Presertirr

286 3215 355 3255 cum
370 3217 389 3256 s
400 3194 507 3255 subulis
521 3213 588 3273 quse
600 3213 708 3254 vscuss
725 3199 772 3268 (ut
790 3191 884 3271 iuquit
905 3194 1006 3270 poete)
1028 3189 1176 3255 delectent
1198 3209 1312 3261 ruentes
1336 3222 1380 3263 re-

285 3299 383 3350 motus
397 3291 551 3352 Lucretius
563 3299 662 3351 noster
674 3290 713 3351 de
725 3309 821 3351 rerum
835 3299 939 3349 netues
959 3289 1124 3368 questiones
1141 3300 1250 3356 tractet
1271 3301 1380 3364 aeuus·

285 3386 375 3446 cirues
388 3393 472 3447 nuto
488 3386 596 3464 ingenii
612 3386 746 3446 acumine
767 3393 908 3462 tortoque
927 3385 1028 3462 lepore
1048 3387 1204 3448 verborum
1225 3399 1259 3450 ut
1278 3412 1379 3456 omnes

286 3481 339 3559 qui
364 3481 448 3541 illum
474 3483 569 3542 acuti
595 3491 664 3542 sunt
683 3485 794 3562 po'e'te:
828 3499 895 3541 eum
921 3481 964 3540 ise
990 3481 1049 3542 suis
1075 3483 1104 3543 iu
1130 3484 1379 3566 descriptionibus

285 3577 454 3638 imitentur:
469 3588 500 3638 et
522 3577 658 3656 Virgilius
670 3578 820 3656 presertim
833 3581 986 3657 poetarum
1005 3579 1144 3658 princeps
1165 3590 1197 3642 ut
1215 3583 1290 3663 ipsis
1312 3605 1378 3648 eun

286 3673 384 3734 verbis
397 3673 452 3733 triu
465 3674 612 3735 interdum
624 3684 654 3733 et
667 3674 791 3754 emplius
809 3685 901 3736 metro
920 3676 1070 3756 suscipiet.
1110 3676 1231 3739 Thomu
1246 3682 1378 3744 ferendo

285 3769 427 3830 ructore'

325 3866 552 3926 -Rsrissiruem
577 3868 652 3928 lrenc
678 3869 848 3942 editionem,
874 3879 904 3932 et
935 3891 953 3930 a
980 3872 1062 3933 nullo
1094 3873 1194 3934 udhuc
1233 3875 1377 3938 editum

285 3961 432 4035 codrum,
446 3963 558 4042 primus
569 3963 597 4022 in
608 3966 739 4026 notitiem
750 3967 874 4028 adduxit
883 3968 957 4027 Boni
968 3969 1083 4029 lettere
1092 3985 1132 4030 ιι.
1142 3989 1211 4051 pug.
1225 3987 1378 4034 muln.

285 4075 331 4135 sq.
353 4057 440 4118 cons.
463 4059 573 4120 Puurer
590 4059 677 4120 Tem.
703 4077 750 4122 iv.
768 4082 840 4142 peg-
860 4064 932 4127 263.
979 4064 1085 4124 Brisire
1108 4065 1217 4128 fectsru
1232 4067 1376 4142 fuissem

286 4150 428 4226 Epistolis
462 4153 620 4215 Phalaridis
649 4157 770 4236 ullisque
800 4158 882 4220 libris
914 4159 1046 4237 ejusdem
1078 4162 1276 4239 impressionis
1307 4167 1376 4228 ntis
