2996 4888
241 355 328 422 lm
585 367 740 418 nontam
766 359 977 414 nrnnnsnts

153 523 156 532 '
241 519 298 580 sibi
311 518 365 597 ipsi
380 535 482 578 manns
494 515 627 577 attulerit
640 515 800 575 incertum:
823 511 931 572 interiit
943 527 1022 571 anno
1039 509 1134 570 aetatis
1156 527 1219 570 suae
1233 518 1284 570 43.
1309 515 1341 568 et

243 615 437 683 miserrimam,
452 632 539 692 quum
553 611 623 670 olim
638 610 767 670 ludibrio
782 607 937 680 babuerat,
951 607 1035 669 nimis
1054 607 1113 667 cito
1132 615 1274 684 expertus
1294 613 1342 662 est

243 709 508 771 imntortalitatem.'
544 708 616 767 llaec
629 707 737 766 Thom.
751 703 873 765 Creecls.

555 853 645 912 Libri
661 851 718 914 See
731 849 766 913 de
781 853 892 913 Rerum
907 851 1036 910 Natura.

285 969 393 1028 Extant
412 967 477 1045 ejus
492 965 575 1026 Libri
586 981 634 1025 vt.
656 963 694 1026 de
707 965 818 1026 liceum¹
829 965 955 1031 Natura,
977 960 1017 1020 sd
1033 961 1070 1021 C.
1090 959 1265 1020 Memmium
1281 959 1345 1018 Ge·

244 1063 363 1122 mellum
378 1063 386 1096 ¹
401 1061 528 1121 Heroico
549 1065 695 1138 polimnte,
718 1060 849 1120 versibus
868 1055 1006 1136 jucundo
1028 1055 1212 1134 antiquitatis
1234 1073 1341 1134 sapore

245 1157 382 1229 conditis,
399 1155 517 1235 Epicuri
530 1155 569 1214 de
591 1155 677 1215 rebus
700 1154 882 1213 naturalibus
905 1152 1087 1226 sententiam,
1108 1151 1158 1212 sed
1179 1160 1210 1211 et
1234 1151 1342 1229 impios

244 1251 308 1330 ejus
322 1270 432 1312 errores
445 1247 633 1310 disertissime
648 1248 839 1327 explicantes.
859 1248 928 1306 Non
940 1248 1038 1326 plures
1047 1267 1067 1306 a
1077 1248 1218 1308 Lucretio
1228 1247 1319 1307 libros
1329 1247 1344 1275 ²

246 1347 335 1424 hujus
359 1343 520 1426 argumenti
547 1343 673 1422 scriptos
706 1362 777 1414 ease,
811 1351 845 1402 ut
871 1341 946 1400 male
978 1341 1159 1419 conjiciebat
1189 1340 1343 1420 Gyraldus

245 1443 361 1522 Dialug.
378 1457 424 1502 tv.
446 1441 484 1500 de
500 1441 605 1518 poetis,
619 1441 708 1499 Tom.
724 1455 764 1500 11.
779 1438 861 1518 Opp.
877 1457 946 1517 pag.
963 1446 1033 1509 197.
1052 1449 1173 1499 secutus
1188 1439 1343 1520 Philippus

245 1535 404 1599 Beroaldus
418 1549 450 1599 et
462 1536 600 1596 Bnrthius
616 1551 676 1596 ιιι.
691 1544 721 1594 t.
737 1534 862 1595 Advers.
877 1533 1015 1596 Lucretio
1031 1531 1086 1612 ipsi
1101 1535 1169 1594 testi
1185 1535 1343 1607 eredimus,

245 1635 297 1714 qui
309 1634 383 1694 libro
393 1643 477 1693 sexto
492 1653 533 1692 vs.
547 1641 598 1704 92.
620 1639 783 1710 ‘supremae
797 1632 971 1710 praecripta
982 1630 1019 1690 ad
1033 1631 1159 1692 candida
1169 1631 1262 1692 caleis
1277 1651 1346 1710 spa.

245 1729 326 1790 tiunt'
341 1749 456 1790 currere
470 1749 501 1788 se
514 1727 647 1787 affirmat.
669 1727 828 1788 Exordium
843 1730 941 1806 operis
954 1725 1032 1786 idem
1048 1747 1178 1806 quoque,
1193 1727 1278 1806 quod
1291 1747 1344 1788 uos

247 1825 344 1899 bodie,
359 1825 427 1903 legit
442 1825 510 1885 olim
526 1823 651 1883 Ovidius
663 1823 752 1883 Trist.
768 1839 808 1882 ιι.
822 1821 892 1884 261.

366 1921 518 1990 sumserit,
534 1918 694 1980 AEnesdnm
708 1917 834 1997 genitrix
857 1916 908 1977 ubi
930 1917 1044 1995 prima:
1066 1917 1202 1996 requiret,

406 2016 569 2076 AEneadum
587 2013 709 2094 genitrix
724 2013 800 2076 unde
814 2012 851 2073 sit
867 2013 944 2074 alma
959 2011 1068 2073 Venus.

248 2106 315 2172 Hoc
336 2120 391 2182 est,
416 2112 440 2172 si
461 2111 489 2170 in
512 2130 615 2172 manus
637 2110 772 2170 sumserit
794 2107 1074 2185 Lucretium,cnjus
1087 2109 1178 2186 prima
1197 2109 1264 2170 baec
1280 2119 1349 2172 sunt

248 2205 356 2267 rerba:
371 2207 551 2268 ‘AEneadum
565 2206 699 2286 genitrix,
723 2205 873 2266 bominum
889 2205 1055 2282 Divomquo
1078 2206 1216 2284 voluptas
1225 2210 1244 2266 ι’
1258 2227 1350 2286 quem

249 2303 349 2364 Ovidii
362 2323 479 2364 sensum
491 2324 565 2374 esse,
574 2303 639 2380 jam
652 2302 766 2382 pridem
788 2301 903 2362 notavit
924 2301 1093 2361 Ludosicus
1118 2302 1222 2362 Carrio
1245 2303 1297 2365 lib.
1320 2321 1349 2368 t.

250 2400 492 2461 Emendationum
507 2418 574 2477 cap.
590 2405 620 2458 8.
634 2397 781 2458 Usitatum
796 2397 873 2457 enim
888 2395 976 2456 fuine
991 2398 1147 2470 veteribus,
1171 2407 1203 2460 ut
1225 2399 1349 2462 vocibus

248 2496 405 2557 initialibus
415 2497 522 2574 scripte
534 2495 599 2574 ipsa
612 2493 794 2561 denotarent.
809 2491 941 2571 pluribus
952 2493 1095 2572 exemplis
1106 2491 1196 2566 docet
1208 2495 1259 2558 Jo.
1276 2497 1350 2560 Joss
1424 2523 1434 2540 ·

250 2591 309 2652 sius
325 2608 364 2652 ιι.
380 2599 409 2652 5.
423 2592 460 2652 de
475 2590 677 2670 Scriptoribus
691 2591 771 2650 Hist.
786 2590 896 2648 Pbilos.
920 2608 987 2666 pag.
1008 2586 1075 2651 136.
1096 2609 1142 2668 sq.
1164 2600 1195 2650 et
1219 2592 1350 2671 Scaliger

249 2685 288 2746 sd
302 2687 411 2748 Euseb.
425 2705 506 2747 num.
522 2702 718 2748 mncoccbx.
744 2685 833 2756 Quod
856 2705 924 2745 vero
946 2685 976 2746 in
995 2684 1093 2760 limine
1113 2688 1213 2764 operis
1232 2688 1350 2755 invocat

250 2781 392 2842 Venerem
406 2782 570 2854 Lucretius,
594 2784 682 2842 bomo
707 2784 878 2860 Epicureus,
904 2783 954 2860 qui
975 2801 993 2842 a
1018 2782 1082 2842 Diis
1105 2784 1203 2844 omnia
1225 2784 1351 2852 humans
1484 2839 1485 2864 ,

251 2895 357 2957 susque
378 2879 474 2956 deque
493 2878 618 2957 putabat
633 2879 745 2950 baberi,
762 2880 833 2940 satis
847 2899 879 2940 se
891 2878 1009 2939 duxisse
1021 2879 1231 2940 existimandus
1244 2892 1294 2944 sst
1303 2899 1353 2948 ess
1484 2897 1485 2938 ι

250 2974 348 3034 cttsari
367 2993 448 3034 more
467 2973 585 3052 vulgato
608 2981 772 3052 po'e'tarutu,
793 2993 889 3052 neque
910 2975 1060 3054 alia‘opns
1076 2995 1140 3034 esse
1161 2978 1350 3054 responsione
1484 2959 1485 2984 ¹

250 3070 429 3131 arbitrorsd
443 3069 656 3130 dubitationem
677 3071 754 3130 bunc
779 3069 1009 3142 dissolvendam,
1031 3089 1119 3148 qaum
1142 3072 1251 3132 multos
1276 3073 1354 3134 siros

251 3165 357 3227 doctos
370 3166 534 3226 exercuisse
559 3165 657 3236 docet,
679 3175 790 3242 prater
808 3166 982 3244 interpretes
1003 3165 1143 3238 Lucretii,
1165 3167 1352 3240 Croeclsinm,
1427 3165 1428 3168 ’

251 3261 396 3340 aliosque,
410 3262 514 3321 Petrus
529 3261 647 3332 Belius,
663 3261 705 3320 sir
719 3261 983 3340 ingeniosissimus,
997 3263 1028 3322 iu
1046 3263 1231 3324 Dictionsrio
1251 3265 1353 3328 H'uto·

251 3355 313 3418 rico
326 3374 393 3436 pag.
411 3365 498 3428 1923.
512 3355 649 3416 editionis
663 3356 813 3428 secundae,
828 3377 916 3436 quern
928 3358 965 3418 de
980 3364 1071 3436 poeta
1084 3358 1186 3431 lector,
1199 3361 1251 3420 ubi
1265 3363 1353 3424 volet·

252 3451 397 3514 consulet.
414 3453 596 3524 Memmium,
606 3451 766 3530 ouipo'e‘ma
776 3471 860 3512 suunt
872 3453 1025 3512 Lucrmius
1036 3452 1194 3533 inscripsit,
1204 3455 1353 3535 scripsisse

252 3557 282 3608 et
296 3548 393 3627 ipsum
408 3567 517 3620 versus,
531 3547 650 3625 colligas
665 3566 700 3606 ex
715 3546 801 3607 Plinii
822 3547 917 3626 Epist.
941 3563 971 3607 t.
995 3557 1026 3609 ³.
1047 3549 1180 3611 Eundem
1203 3553 1353 3614 Mnaseus·

253 3644 332 3704 tibus
346 3661 381 3702 ac
395 3642 562 3704 liberalibus
577 3642 740 3702 studiorum
757 3643 888 3719 patronis
902 3654 1038 3705 accenset
1054 3647 1196 3709 Martialis
1211 3666 1280 3712 xtt.
1300 3649 1352 3716 ³6.

287 3829 783 3902 'DebceconsnlendsGiisnii'prolegm
823 3845 890 3884 terrac
902 3838 1029 3916 genitabile
1047 3855 1150 3904 quarere
1173 3845 1284 3908 tcmpsm'
1308 3845 1352 3894 Pro

252 3917 321 3951 mone
332 3901 480 3951 ethmbini.
823 3899 932 3950 herena
949 3903 1067 3953 tsetttm
1082 3904 1139 3970 legit
1150 3905 1268 3959 Giisnins.
1285 3909 1352 3958 Alius

286 3966 300 3996 ⁸
316 3967 389 4014 Aliud
401 3963 781 4030 csrteopes,nl1.ueretinsslins,
822 3963 946 4014 Lucretius
957 3967 1096 4031 Episcopus,
1107 3969 1145 4018 cni
1157 3969 1263 4020 Pericles
1341 4001 1349 4012 ·

252 4029 283 4078 de
304 4045 352 4094 quo
372 4029 446 4078 Varro
463 4031 504 4078 lib.
522 4044 559 4079 rs.
576 4030 607 4078 de
633 4029 661 4078 1.
679 4029 733 4080 Lst.
754 4045 781 4094 p.
821 4029 868 4076 lem
880 4029 1052 4080 Monscbornns
1068 4033 1191 4098 inscripsit.
1216 4035 1282 4086 Vide
1326 4045 1352 4086 t·

252 4095 278 4140 7.
303 4093 444 4142 ‘Lumetius
460 4103 553 4143 suornm
568 4093 638 4142 nnius
655 4100 680 4142 et
697 4093 781 4159 viginti
822 4093 921 4143 nemum
944 4096 974 4144 sd
997 4095 1143 4147 comodum
1162 4097 1307 4164 Regsrlsrnm
1326 4116 1350 4166 p.

253 4155 363 4205 librorum
381 4156 474 4208 initium
492 4159 549 4207 iacit
568 4159 613 4208 boe
631 4159 736 4208 AEtberis
755 4165 781 4208 et
819 4159 861 4209 st.
