3020 4888
234 375 321 444 1388
577 387 685 438 unuln
710 387 908 437 vuurouutt
933 387 973 436 tre

237 531 298 584 siem
310 546 367 586 esse
378 533 494 598 putabo:
511 531 557 582 eed
566 531 657 582 inullis
668 531 763 596 iteret,
801 529 884 582 sicubi
899 530 972 592 elles,
990 529 1061 582 eiree
1078 529 1147 580 bone
1165 528 1251 579 loenm
1264 524 1331 576 verl-

240 609 378 660 Velliitseet
393 609 460 676 cyrei
476 623 530 660 nece
547 608 634 657 detorti
652 623 683 657 ex
694 607 763 657 itell-
801 608 897 657 eutium
909 607 1048 658 lectionum
1059 605 1200 656 multitudo
1210 611 1330 666 eet,nem

236 685 320 747 συκέας
348 687 471 749 tenebre,
497 683 597 747 ἀφασία,
626 684 697 732 nibil.
732 683 763 732 ln
800 683 827 732 in
852 681 1007 747 quibusdem
1033 681 1139 744 legitur,
1168 679 1275 728 Vetlibes
1304 683 1329 726 et

237 761 305 824 eliis,
317 763 351 812 Et
360 762 517 827 gelteeepcet
527 759 648 811 oecelortt'
657 763 763 826 eoeeptre
799 757 886 807 eolide'e
900 773 930 806 ste
941 757 1011 805 tortis
1028 771 1060 806 ex
1075 754 1207 817 Heliconis,
1220 755 1246 802 in
1259 754 1331 816 eliis,

237 837 360 888 Heliconis
366 855 377 898 ,¹
398 838 477 888 nihilo
507 837 602 898 senius,
627 840 657 884 ut
681 835 763 884 vides.
805 832 1091 896 anlibtssetheuieeee
1100 829 1334 880 detortienlielr'ee·

236 911 280 962 Ad
300 927 359 964 eum
388 915 472 964 locum
495 913 633 976 interpres,
656 911 710 973 ille,
725 911 763 960 io·
799 909 881 971 tte's‚iu
894 908 1005 970 eitiunt
1019 907 1187 972 geliducpeei
1201 921 1257 955 eece
1272 905 1337 954 torti*

131 1019 133 1024 ·
237 1003 324 1052 quem,
341 990 479 1053 interpres,
494 990 536 1038 cui
552 1001 632 1052 prope
642 986 687 1036 uni
697 985 764 1034 selu·
799 990 910 1034 mentre
919 984 1052 1033 Heliconis.
1065 983 1213 1040 Lambinus,
1226 981 1335 1030 Vellibus

237 1071 290 1113 tem
301 1073 329 1114 et
348 1065 457 1116 nitorem
477 1079 549 1114 enom
569 1063 650 1112 debet
668 1063 763 1112 Lucre·
799 1066 824 1110 et
837 1061 914 1125 Cycni
922 1059 1010 1122 gelidis
1021 1059 1069 1107 orti
1084 1073 1115 1108 ee
1127 1056 1260 1106 Heliconis.
1273 1055 1332 1104 loco

236 1137 297 1200 tion,
307 1133 340 1190 de
351 1140 471 1203 lectione,
487 1155 544 1208 qnee
566 1139 591 1188 in
610 1139 658 1188 bec
675 1143 764 1187 nostre
799 1137 847 1185 eru·
867 1136 951 1185 Feber
967 1135 1101 1185 substituit
1119 1133 1188 1182 cdrts'.
1223 1134 1333 1182 Voseine

236 1213 352 1264 editione
363 1216 459 1278 eet‚sio
471 1216 539 1264 luter
550 1223 639 1264 cetere
655 1213 761 1262 scribit:
801 1211 906 1262 leudem
919 1211 951 1260 ed
965 1211 1095 1260 catullum
1113 1210 1185 1269 legit,
1196 1211 1231 1258 Et
1248 1209 1337 1258 eelids'e

236 1291 499 1355 ‘lleneessepntnvi
514 1305 601 1341 rerem
620 1297 648 1341 et
665 1297 762 1340 rectem
802 1285 876 1352 Cycni
898 1286 1041 1336 torrentibus
1062 1298 1094 1334 se
1115 1283 1251 1333 Heliconis.
1292 1283 1333 1332 Eu

237 1366 403 1430 scripturum,
425 1373 471 1417 eut
492 1373 565 1416 certe
587 1380 655 1416 vern
675 1365 762 1430 proxi·
800 1365 928 1414 Helieone
945 1377 1049 1426 nempe,
1066 1371 1120 1411 tum
1139 1359 1335 1421 uliitorrentee,

235 1457 311 1505 mem,
333 1457 385 1493 non
406 1451 577 1507 pugnaturus,
597 1443 619 1492 si
640 1442 698 1507 quis
721 1442 761 1490 sel
800 1446 856 1491 tum
881 1441 938 1504 ipse
966 1438 1078 1488 Helicon
1106 1437 1187 1486 emole
1216 1433 1335 1500 produit.

233 1515 392 1580 ingeniosior
407 1519 586 1582 conjecturem
603 1516 695 1568 efferet
708 1531 762 1567 tne-
798 1516 931 1579 Breviter,
949 1529 1005 1564 eece
1022 1514 1093 1575 torti,
1111 1514 1152 1562 vel
1170 1525 1226 1562 eece
1243 1509 1335 1560 detorti

234 1594 334 1657 liorem,
361 1595 412 1657 tel,
440 1595 627 1645 emendatiores
658 1593 762 1645 codicee
799 1593 902 1642 omniuo
922 1591 1109 1656 rejiciendum
1133 1590 1242 1640 ieternm
1265 1587 1333 1636 enirn

234 1672 500 1735 nectus,ecrlptnrem
519 1669 664 1721 veriorem!
696 1669 762 1719 Haec
799 1686 891 1723 vonum
902 1671 1045 1733 sententie,
1064 1671 1137 1736 sique
1148 1673 1230 1729 esset,
1247 1668 1275 1717 in
1292 1681 1333 1717 se·

234 1743 269 1794 ud
278 1759 334 1795 me
349 1747 481 1810 periinere
496 1754 566 1796 lalus
581 1744 708 1805 Glfulliue,
725 1743 762 1792 nic
799 1748 889 1813 quenti
899 1763 973 1798 versu
983 1747 1149 1807 continerem
1161 1744 1206 1795 sed
1217 1744 1331 1794 Fabium

233 1821 319 1870 locum
337 1821 406 1870 bunc
425 1821 561 1884 legendum
573 1834 629 1870 esse
645 1819 762 1869 monuit:
799 1830 845 1875 eut
864 1825 984 1874 llossinm
1005 1823 1131 1890 sequeris,
1152 1821 1261 1886 perinde
1279 1826 1330 1870 cel.

239 1894 763 1960 Veullmsepcelnecetorsteellellceete.
801 1899 897 1950 creet.
930 1899 1071 1963 llulllpllel
1090 1899 1232 1948 lectionum
1248 1897 1333 1947 verle-

236 1970 267 2020 ln
278 1984 329 2035 quo
340 1971 381 2020 rel
394 1970 479 2034 puerit
495 1969 638 2020 deridiculo
649 1983 707 2019 ense
718 1983 764 2032 po·
800 1981 856 2024 tete
867 1974 969 2039 impulsi
987 1974 1059 2024 vecie
1071 1975 1156 2023 locum
1167 1974 1235 2022 butte
1245 1978 1333 2023 tente-

234 2052 300 2108 test;
324 2052 353 2096 ut
378 2045 405 2095 lo
430 2048 457 2095 8·
483 2045 597 2095 editione
628 2044 765 2095 annotetis
800 2059 861 2103 ruet
872 2051 1037 2116 interpretes.
1070 2047 1334 2110 Bedemderetleoe,

236 2121 384 2172 Lembinue·
418 2121 500 2186 idque
516 2121 566 2170 niti
583 2122 639 2186 lpse
658 2120 763 2171 demoll-
800 2133 828 2176 et
838 2126 907 2192 qnod
919 2126 989 2176 nulle
999 2139 1087 2176 eornm
1098 2123 1245 2175 emendetio
1254 2123 1333 2187 plene

234 2204 352 2261 streeeet,
364 2211 411 2248 nne
427 2198 479 2247 levi
497 2197 602 2248 brechio
614 2195 701 2247 fecere
718 2210 764 2260 po·
799 2203 861 2252 mihi
875 2200 1030 2262 satisfaciet,
1049 2202 1105 2265 lpse
1115 2214 1220 2266 quoque
1230 2199 1332 2249 tentavi

235 2285 375 2325 meremus.
420 2274 590 2338 Ouupropter
611 2289 670 2324 eum
691 2271 763 2324 Gife·
799 2277 837 2327 its
846 2277 1002 2327 emendare:
1022 2275 1157 2326 Vollidsset
1166 2277 1233 2341 cpess'
1243 2275 1335 2324 melleis

234 2349 292 2399 nint
312 2349 354 2400 ltlc
372 2363 401 2399 ee
421 2349 568 2412 turpissime
585 2348 696 2412 dederit,
713 2361 763 2398 nec
793 2351 862 2414 ferte
875 2367 906 2401 ee
921 2351 1046 2402 Helieoeie
1066 2353 1142 2409 Quoue
1159 2351 1273 2416 liquidust
1285 2351 1332 2400 tel-

235 2425 374 2474 Lembinue
394 2439 449 2474 ente
471 2425 628 2488 conjectore
649 2423 764 2474 confidet
799 2429 850 2477 luet
871 2427 967 2490 lugslss'
987 2443 1042 2478 noce
1061 2431 1185 2492 querelem.
1224 2426 1332 2476 ‘Velles

234 2501 313 2562 setin
325 2500 463 2550 videndum
482 2515 514 2551 en
533 2501 589 2566 quie
607 2499 763 2550 Glieniose·
801 2501 953 2566 Heliconie,’
982 2509 1012 2552 ut
1028 2516 1167 2567 tynnorum
1186 2508 1332 2552 conventus

236 2577 323 2640 geclor
334 2591 389 2627 esse
401 2578 484 2642 posuit
500 2585 545 2629 eut
557 2576 673 2639 felicium
693 2577 763 2642 quod
799 2579 884 2630 locum
895 2579 1027 2644 proprium
1039 2579 1166 2629 describit
1178 2579 1265 2643 poete,
1282 2578 1333 2628 sic·

234 2650 292 2714 liet,
325 2651 369 2700 ubl
407 2653 532 2703 rollonem
569 2653 763 2718 exposuerimus
800 2660 832 2704 ut
852 2653 933 2705 ‘liele
951 2653 1043 2719 prete'
1069 2653 1161 2718 virgil.
1188 2654 1287 2717 θεοῖς.
1306 2657 1331 2703 l.

236 2727 401 2793 quemobrem
422 2728 572 2792 Lambinus,
585 2730 764 2793 conjecturum
799 2733 858 2782 888.
874 2731 950 2782 ‘Jsm
961 2732 1044 2780 series
1060 2730 1146 2795 pelugi
1157 2731 1284 2792 volucres,
1301 2737 1331 2779 et

234 2817 315 2866 suem,
335 2817 392 2868 qne
412 2803 470 2867 lpee
488 2811 573 2854 temen
593 2811 667 2854 certe
680 2803 763 2854 rideri
801 2819 859 2869 quet
870 2804 935 2856 Asin
944 2806 1041 2856 cireom
1051 2799 1178 2856 Dulcibu's
1189 2806 1215 2854 in
1231 2803 1331 2868 stegoie

234 2887 330 2946 potest,
340 2895 392 2930 non
405 2886 491 2930 mmeo
501 2894 582 2946 neque
594 2894 694 2945 queque
703 2893 763 2944 pro·
799 2882 927 2932 rimentur
945 2887 1023 2946 prete
1041 2880 1161 2946 (inpuid-⁹
1176 2879 1247 2930 Aeee
1259 2879 1330 2930 enim

233 2955 312 3008 berit.
344 2957 404 3006 Uno
414 2955 494 3006 verbo
505 2955 598 3018 dicem,
609 2957 701 3007 Letine
711 2955 763 3006 diei
799 2956 859 3006 illes
872 2955 907 3005 de
924 2956 1017 3020 cygnis
1028 2956 1144 3019 explicet
1161 2953 1213 3004 Oe.
1224 2954 1294 3004 Met·
1303 2959 1330 3004 δ.

233 3045 285 3082 non
297 3039 394 3097 potest,
414 3038 443 3082 ut
464 3033 483 3081 li
501 3033 582 3096 probe
599 3040 702 3096 nerunt,
718 3033 763 3098 qui
800 3038 856 3084 stt.
867 3039 895 3084 et
904 3033 961 3098 lpse
969 3034 1042 3098 virg.
1060 3035 1116 3084 AEn.
1134 3037 1157 3082 7.
1168 3037 1226 3083 illl.
1259 3033 1329 3084 Dein

231 3106 349 3158 studiose
369 3108 494 3159 sermonis
514 3107 600 3157 Latini
620 3108 763 3173 propriete·
797 3109 1330 3174 ‘melione'eosdemeppellemutludsm

233 3189 288 3234 tem
299 3190 492 3246 consectentur,
510 3183 572 3246 diei,
584 3184 696 3249 inquom,
712 3198 762 3234 nnn
799 3200 903 3236 sonores
925 3185 1105 3250 orgenicornm
1125 3185 1212 3236 bisce:
1235 3185 1330 3235 ‘modo

233 3265 332 3324 potest,
354 3262 430 3326 (iperi
450 3263 500 3311 orti
523 3268 578 3312 ruet
605 3277 636 3312 ex
663 3263 763 3313 eolddue
800 3261 923 3327 Orgenici
941 3261 1048 3312 melicos
1061 3273 1188 3325 peperere
1207 3261 1331 3312 sonoree.¹

233 3333 355 3392 Heliconis
365 3352 376 3395 ‚-
392 3335 486 3402 ulloqui
504 3337 664 3400 significeret
685 3340 762 3404 origi·
799 3338 950 3388 Imo‘mele
968 3335 1083 3402 cycuee,'
1105 3335 1222 3400 proprius
1242 3336 1329 3386 urium

233 3411 409 3463 nemduxisee
427 3427 459 3462 ex
478 3414 596 3480 vallibus,
617 3416 762 3468 lndeortos
798 3415 906 3465 isternm
926 3422 1018 3464 centus
1043 3413 1164 3462 Lucretio
1186 3411 1284 3462 dicitur
1302 3417 1328 3463 2.

233 3489 357 3549 esse,&e.
368 3488 437 3553 qnod
449 3487 610 3552 nugatorium
629 3499 678 3542 eet.
709 3493 763 3543 Sed
799 3495 857 3540 5⁰4.
874 3489 928 3539 ‘Et
948 3501 1046 3553 cycoee
1067 3487 1144 3551 mele,
1161 3487 1328 3554 Phcebeeque

234 3563 303 3612 eulm
312 3564 400 3626 utjem
413 3564 438 3614 iu
449 3566 467 3614 l.
484 3565 667 3631 indicaveram,
676 3567 761 3618 ‹liceu-
799 3567 899 3618 (ledele
909 3567 1012 3618 chordis
1023 3566 1145 3618 cerunine
1154 3567 1278 3617 consimili
1289 3581 1329 3618 re-

234 3636 448 3699 enumeremus
466 3639 642 3706 intiment
655 3647 763 3695 excelli-
799 3645 871 3695 tione
897 3657 1023 3710 oppresse
1041 3643 1166 3695 silerent!
1204 3645 1240 3694 Et
1267 3644 1329 3696 binc

234 3713 276 3764 luu
296 3713 421 3763 Heliconis
438 3715 531 3774 coertif
547 3722 625 3782 etque
641 3717 709 3769 edeo
726 3721 763 3771 sio
798 3721 962 3771 emcitetionl
992 3733 1127 3770 corsorum
1157 3719 1328 3786 plueruntque

234 3791 358 3855 legendos
378 3796 420 3841 est
436 3790 480 3840 bic
497 3792 586 3842 loene:
618 3793 723 3844 Vells'bue
738 3801 763 3846 et
799 3796 917 3847 stridolse
956 3795 1103 3860 gerrellteti
1137 3794 1279 3858 opponitur
1312 3811 1328 3846 e

230 3865 319 3928 gelidis
328 3865 397 3932 cpeet
411 3864 475 3918 edrts'
488 3881 520 3916 eu
531 3867 662 3919 Heliconis.
695 3871 763 3922 Fun·
799 3872 891 3922 Persio
917 3873 942 3922 in
965 3872 1079 3935 Prologo
1107 3884 1184 3921 ceren
1215 3872 1328 3925 nltimor

233 3945 382 3996 dementent
401 3943 557 4007 conjecture
569 3950 664 3995 unetrre
680 3953 720 3996 est
735 3948 762 3997 ln
798 3947 913 3998 ‘Corsos
924 3947 1016 4012 podtes
1024 3953 1052 3997 et
1061 3947 1174 4013 politries
1181 3947 1252 4012 pines
1261 3949 1327 3998 (len-

233 4037 281 4073 ueu
298 4022 383 4073 Iatioi
402 4021 541 4082 sermonis;
561 4027 615 4070 tum
634 4030 763 4085 preterea
800 4030 858 4074 tere
868 4023 959 4073 credet
969 4023 1125 4086 Pegaseium
1136 4024 1235 4076 melos!
1245 4027 1329 4077 Deni-

233 4099 260 4148 in
271 4099 386 4162 vestigiis
401 4099 466 4148 Μαι.
482 4097 610 4155 codicum,
627 4099 653 4147 in
670 4099 763 4164 qulbus
799 4113 850 4164 que
861 4099 1050 4162 verbnmsorte,
1061 4099 1129 4164 qnod
1140 4107 1230 4151 nostro
1241 4102 1328 4154 edmo-

235 4179 384 4224 conetenler
396 4173 468 4237 leges
479 4175 599 4234 veiterts',
615 4175 656 4224 vel
672 4189 702 4225 es
712 4181 761 4225 tor·
799 4173 859 4222 dom
878 4182 919 4225 est
935 4173 1070 4238 semiliere,
1089 4175 1206 4240 pmxlme
1223 4180 1256 4229 ed
1266 4181 1328 4230 terti

233 4249 324 4316 tis,rel
334 4261 365 4300 se
374 4249 443 4316 torti,
458 4251 499 4314 tre.
517 4249 609 4303 ruber.
641 4247 763 4318 Mirifice,
799 4252 840 4303 rel
851 4253 932 4319 tonte,
942 4251 1011 4318 qnod
1022 4252 1270 4310 unenlmicoosenso
1282 4271 1327 4308 ee·
