2988 4880
268 417 424 466 cooicns
449 418 488 466 iu
515 417 702 466 ninnioun.
727 417 850 466 estun.
874 416 1094 474 assnnvim.
1139 403 1224 470 1751

126 563 240 629 forsan
269 563 359 647 quis,
373 561 575 630 Wakefieldi
589 562 706 628 notitia
725 563 873 628 literaria
897 563 1031 641 ductus,
1055 563 1142 652 hunc
1158 563 1225 630 Lu·

127 667 309 732 cretiannm
326 665 393 731 Ms.
409 666 581 731 consulere
596 665 754 744 voluerit,
777 671 821 744 et,
836 684 941 750 opera
956 665 1098 749 perdita,
1120 667 1226 733 virum

126 769 292 842 eximium
321 769 530 852 negligentia
566 768 777 834 incusaverit.
821 767 924 834 Norit
949 766 1049 850 igitur
1072 767 1164 850 talis,
1194 770 1226 835 si

127 872 206 954 quis
232 871 309 950 erit,
332 870 473 935 eundem
499 870 652 936 codicem
677 871 712 936 in
738 890 801 936 sne
826 868 907 935 sede
932 887 1020 934 nunc
1042 869 1163 949 locari,
1191 878 1227 937 et

128 975 263 1056 signum
292 972 366 1058 ejus
390 972 500 1038 Closs.
514 992 592 1038 esse
616 972 685 1040 Nn.
707 971 740 1038 2.
760 971 815 1036 40.
859 971 921 1035 Est
942 970 1048 1036 nitide
1070 973 1226 1058 scriptus,

128 1073 268 1158 capital.
284 1075 461 1165 illuminat.
484 1081 518 1140 et
542 1075 632 1140 notis
653 1075 790 1160 margin.
807 1073 1000 1153 comitatus,
1022 1074 1080 1139 sol.
1098 1076 1226 1142 minet

127 1175 316 1242 secundum
331 1175 575 1243 Wakefieldum
590 1177 727 1262 optimae
740 1183 842 1244 noim.

173 1445 263 1512 cnm
277 1444 414 1511 codices
442 1443 527 1511 Mes.
542 1443 735 1510 Lucretiani
756 1443 791 1508 in
804 1443 928 1510 nostris
942 1442 1090 1528 publicis
1102 1443 1226 1513 biblio-

128 1546 238 1615 thecis
253 1545 338 1613 adeo
351 1547 419 1613 rari
433 1548 510 1628 sint,
524 1545 623 1613 nobis
637 1546 768 1614 veniam
783 1545 882 1612 dabit
901 1545 1007 1612 lector
1028 1547 1058 1611 si
1074 1550 1226 1615 nnumin

128 1653 266 1737 pnveto
278 1669 397 1715 museo
411 1653 580 1716 servatum
593 1653 757 1714 notemus.
800 1646 871 1713 Hic
895 1647 931 1712 in
945 1645 1110 1732 Catalogo
1125 1648 1226 1716 libro·

128 1775 202 1820 rum
217 1755 252 1818 in
266 1751 473 1818 bibliotheca
493 1749 747 1838 white-Knigoo
761 1749 965 1816 describitur
978 1747 1025 1815 N.
1037 1749 1133 1816 4663.
1151 1751 1226 1834 qni·

130 1856 196 1922 bns
218 1853 376 1921 auctione
399 1854 537 1938 publica
561 1852 739 1918 divenditis
761 1872 839 1918 eum
861 1857 1013 1918 emerunt
1025 1849 1226 1936 bibliopolae

131 1957 365 2024 Londinenses
380 1957 466 2022 bene
488 1955 559 2022 noti
573 1955 687 2040 Peyne
708 1962 743 2020 et
759 1954 859 2021 Foss.
880 1954 997 2023 Alium
1019 1954 1119 2021 etiam
1141 1954 1226 2020 bene

128 2069 246 2128 notum
274 2060 496 2144 bibliopolam
524 2057 772 2124 londinensem
808 2077 913 2142 penes
944 2059 1064 2139 iuuet,
1101 2056 1146 2122 R.
1177 2055 1226 2121 H.

130 2165 265 2230 Evans:
297 2182 383 2226 nunc
405 2149 667 2227 in'bibliotheca
687 2161 749 2226 viri
771 2159 861 2228 Rev.
875 2160 919 2226 G.
933 2161 1058 2248 Drury,
1079 2157 1181 2225 nnius
1203 2177 1226 2222 e

128 2263 370 2349 ludimagistris
385 2263 519 2332 Scholee
534 2261 783 2344 Harroviensis,
797 2267 915 2330 restat.
