3014 4884
230 422 266 471 τ.
289 419 470 472 ιυοιιιιιι
494 415 583 470 nent
610 421 659 470 nn
682 417 814 469 annon
839 419 928 472 ιιι.
953 417 1023 466 ιιι.
1047 414 1097 466 vr.
1155 397 1239 466 1505

139 564 264 628 corporis
285 562 486 626 constitutione,
503 563 609 626 ejusque
631 575 677 625 spe
714 560 808 625 primus
819 563 918 625 parteis
938 575 966 612 se
980 560 1058 610 ferre'
1069 558 1241 610 continuans:

139 641 288 703 explorata
298 638 399 688 deliniri
410 647 438 689 et
446 640 570 690 contineri
578 638 676 688 dicunt.
713 643 791 700 etque
804 637 852 684 linc
863 637 962 687 ratione
972 637 1057 700 seipso
1065 635 1185 685 Tlrersito
1198 650 1242 684 orr-

140 715 259 780 Antiqui
272 717 353 778 igitur
363 715 451 764 edicto
471 713 576 778 publico
590 727 623 762 ex
636 726 677 761 ur·
714 713 842 762 deciorum
852 712 998 762 declarans.
1033 711 1081 760 llle
1100 711 1168 760 enlm
1188 718 1242 758 tan·

139 790 226 842 bilius
236 792 444 842 extemrinabaut
454 804 506 850 eos,
517 796 545 840 et
555 789 677 854 qoihaoc
714 794 769 839 tour
785 795 816 839 ut
833 789 947 852 optimis,
967 796 995 839 et
1013 788 1116 850 regibus
1126 787 1243 852 aeqnalis,
1271 843 1280 868 r

141 875 249 918 sectam
276 875 456 932 sequerentur,
482 875 510 916 et
538 865 583 928 qni
615 864 679 914 talio
715 863 819 913 onimium
837 864 886 912 allii
904 870 1020 927 arrogat3
1041 863 1136 927 primas
1154 871 1242 928 portes

142 945 249 1008 scriptu
264 944 415 1009 probarent,
431 942 463 991 od
476 947 576 1004 pestem
596 949 623 989 et
639 939 678 988 in·
714 953 777 988 vero
787 955 948 1004 nequaqnam
963 941 1019 1003 jam
1036 942 1114 990 etiam
1126 941 1175 990 ribi
1187 942 1242 1004 ipre

142 1019 258 1070 teritum
280 1019 365 1069 velere
390 1017 569 1066 existimantes
598 1022 678 1065 tantm
716 1014 821 1066 tribuit:
839 1023 867 1064 ιι
887 1015 948 1078 ἰιιι,
968 1016 1049 1064 molta
1070 1015 1197 1077 sapientia
1214 1023 1242 1064 et

143 1095 279 1144 cecitatis
300 1101 328 1144 ιι
349 1093 516 1157 impudentiae
538 1094 615 1156 plena
635 1090 678 1138 de·
715 1089 827 1138 scientia
846 1087 936 1151 fretur,
954 1105 983 1138 se
1006 1090 1086 1138 solnm
1107 1091 1243 1140 veritatem

146 1181 233 1223 creto.
268 1171 319 1224 Qni
336 1179 421 1220 autem
440 1169 518 1218 lrodie
537 1167 680 1218 viruntlro·
716 1166 844 1227 reperisse
855 1171 994 1226 asseverat,
1012 1173 1090 1228 atque
1107 1166 1204 1217 iccirco
1214 1181 1243 1216 se

147 1249 244 1312 mines,
255 1255 347 1311 utpote
365 1245 483 1310 (opinor)
501 1245 563 1295 luxu
578 1252 605 1294 et
617 1244 679 1294 mol·
717 1239 859 1302 principem
872 1239 957 1289 locum
971 1239 1098 1301 obtinere,
1109 1245 1138 1288 ιι
1149 1240 1244 1303 primas

147 1324 209 1374 litia
226 1324 354 1379 enervati,
371 1320 446 1383 lrrrjus
461 1329 542 1370 secter
552 1319 680 1368 studiosos
717 1317 815 1379 parteis
823 1313 892 1363 ferre
904 1315 1027 1379 postolat·
1060 1315 1147 1367 Quare
1163 1317 1244 1367 mollo
1335 1341 1337 1344 ·

149 1400 219 1452 tanti
239 1399 350 1460 fuciunt,
368 1409 510 1461 eorumque
529 1396 637 1457 scripta,
652 1401 681 1444 nt
713 1391 809 1454 justius
828 1391 889 1440 milri
906 1389 1010 1440 videtur
1031 1391 1123 1454 aliquio
1141 1391 1165 1440 oi
1186 1406 1244 1441 esse

149 1478 290 1530 rideantur
311 1474 397 1537 melle,
415 1473 568 1536 Epicurum,
589 1477 616 1520 et
637 1469 681 1534 qni
717 1467 842 1529 dicturos,
860 1468 911 1528 ⁴0,
926 1467 1009 1530 cnjus,
1021 1468 1148 1530 Tlrersita,
1158 1469 1245 1528 modo,

149 1569 210 1605 enm
232 1558 464 1618 sermomonem
485 1548 583 1606 dicere,
604 1559 680 1609 quana
717 1543 816 1606 ordine,
846 1543 998 1606 judicioque
1033 1544 1119 1594 Verba
1144 1553 1245 1606 curent,

150 1632 224 1682 Deos
244 1640 273 1679 et
290 1626 478 1693 providentiam
496 1626 523 1674 in
539 1629 680 1672 mturare·
718 1619 833 1682 quemvis
859 1619 995 1668 Graiorum
1018 1633 1081 1668 uoce
1102 1620 1184 1678 snivi,
1210 1623 1249 1670 Et·

150 1723 213 1760 rum
221 1721 289 1758 cose.
322 1707 358 1758 Et
368 1705 496 1756 nonnullis
507 1715 568 1752 sane
580 1700 681 1765 optabi·
718 1695 788 1744 claro
799 1702 886 1744 emtor
897 1695 996 1755 clueas,
1006 1693 1082 1743 linem
1094 1693 1171 1744 iace!
1191 1697 1244 1745 Ne-

151 1785 202 1834 lins
213 1789 253 1833 etl
270 1779 459 1846 providentiam
478 1793 550 1828 enam
567 1777 682 1839 interire,
718 1785 769 1835 qne
780 1771 846 1819 enim
864 1771 941 1820 istoru
962 1783 1025 1819 voce
1044 1771 1113 1819 clera
1131 1779 1158 1818 et
1174 1774 1247 1825 sueri

153 1873 231 1924 quam
254 1857 394 1922 Epicurum
406 1853 533 1904 mendacii
544 1853 679 1902 convinci:
719 1847 857 1912 praeditum
880 1845 1001 1908 dixerim,
1020 1852 1049 1895 ot
1066 1845 1137 1893 illum
1147 1846 1246 1895 'l'lrersi-

153 1935 192 1986 lte
202 1941 264 1984 snut
274 1932 414 1983 infeliciter
425 1930 541 1991 anineti,
558 1935 586 1978 et
601 1941 681 1992 osqrre
719 1922 789 1984 ten3’
804 1926 853 1972 dre.
885 1921 953 1972 'nnn'
971 1920 1031 1982 ὅμως
1048 1920 1154 1971 τοιοῦτοι
1172 1921 1247 1970 eolis

153 2013 219 2063 adeo
239 2027 257 2062 ι
274 2013 407 2074 voluptate
427 2021 565 2072 suspensas
585 2007 683 2056 liabent
718 2000 769 2051 cois
788 1997 878 2060 λόγοις,
898 2003 946 2048 &n
966 1999 983 2048 i.
1003 2014 1027 2048 ι.
1042 1999 1245 2048 ‘Verumtamen

155 2089 254 2140 omneis
277 2087 338 2137 site
359 2100 412 2134 ιιιιι
435 2085 556 2146 rationes,
575 2090 604 2133 nt
626 2083 681 2146 ejus
719 2087 778 2123 curu
788 2082 815 2122 et
826 2075 852 2122 in
864 2072 1032 2134 sermonibus,
1048 2079 1076 2122 et
1091 2075 1116 2123 ln
1133 2073 1246 2123 decretis

155 2172 294 2229 munuum
317 2161 433 2212 omnibns
461 2159 539 2209 rebus
566 2159 682 2208 homenis
720 2149 778 2199 ²⁸¹⁵·
788 2149 831 2208 ⁸1¹,
844 2162 895 2198 uon
910 2147 993 2210 pudet
1004 2161 1061 2197 eum
1072 2163 1101 2200 se
1112 2149 1138 2198 lu
1150 2149 1247 2214 Pytha·

155 2241 269 2291 neonus
295 2235 441 2298 cariorem,'
465 2240 515 2285 tire.
542 2235 621 2283 noire
644 2235 683 2283 rol
720 2241 798 2291 gorm,
808 2239 835 2276 er
846 2225 1024 2284 Heraclienses
1033 2226 1148 2275 Socratis
1157 2227 1249 2276 ordine

155 2317 214 2381 ispi,
231 2320 282 2366 ore.
300 2317 317 2365 i.
337 2329 361 2365 e.
386 2313 470 2362 ‘nec
489 2319 517 2362 et
536 2327 610 2362 sacra
622 2312 683 2374 Epi.
720 2302 859 2363 collocare,
875 2299 1030 2364 atqueadeo
1041 2300 1148 2362 primam
1159 2300 1247 2350 sedem

156 2395 210 2444 curi
222 2391 354 2456 sapientia
372 2390 479 2452 reperit.
510 2387 547 2438 Αι
564 2388 684 2439 videlicet
721 2379 791 2428 inter
811 2391 855 2427 eos
877 2376 997 2426 obtinere
1016 2378 1162 2439 postulare3
1179 2377 1246 2439 qnod

156 2470 218 2520 milri
226 2468 299 2518 venit
307 2467 333 2516 iu
341 2472 464 2524 mentem,
474 2479 531 2514 enan
544 2478 602 2512 crim
608 2464 685 2514 Ther.
720 2453 878 2502 eimillimnm
890 2459 940 2513 est,
951 2459 1029 2514 atque
1040 2450 1061 2498 si
1073 2450 1193 2514 sacrilegi
1208 2451 1247 2499 in·

156 2545 207 2595 alte
226 2543 368 2594 Homerico
389 2554 550 2604 comparere.
588 2539 684 2590 Quem.
722 2533 764 2577 ter
774 2527 924 2576 sacerdotes
934 2535 962 2576 ιι
972 2525 1143 2576 sacrificorum
1156 2527 1251 2590 princi·

157 2619 296 2670 comodum
307 2616 375 2666 euim
389 2616 442 2677 ille,
458 2628 515 2665 com
529 2615 555 2662 in
566 2614 685 2663 exercitu
722 2617 769 2668 νει
781 2605 863 2653 locum
873 2601 989 2652 obtinere
998 2608 1134 2663 conentur,
1141 2603 1248 2666 primam

158 2695 309 2747 (iuncorum
321 2691 475 2741 deterrimos
491 2689 592 2749 inisset,
605 2687 647 2752 (ot
658 2696 686 2738 et
722 2681 748 2730 iu
760 2680 798 2730 eis
809 2680 897 2730 sedem
909 2679 958 2728 ribi
971 2679 1150 2729 vindiceutes:
1171 2687 1215 2729 aot
1227 2679 1249 2730 ai

157 2773 213 2836 ipre
225 2770 306 2834 poiite
322 2768 396 2828 dicit,
415 2773 444 2816 et
463 2766 582 2828 Ulyssem
599 2763 686 2814 dicen·
723 2758 780 2822 qrsis
800 2755 1001 2818 Sardanapalum
1021 2755 1106 2804 animo
1122 2757 1251 2819 complec-

160 2857 213 2898 tem
229 2845 311 2897 ferite
328 2846 384 2908 ipse
407 2843 509 2907 quidem
530 2842 567 2891 nis
590 2842 685 2905 verbis,
723 2841 795 2884 totnr
822 2831 855 2881 de
882 2831 1021 2880 tolerantia
1047 2831 1164 2880 labornm
1191 2845 1249 2880 com

158 2919 685 2983 ‘GraiorumvenitTrojanrturpissimus
722 2909 839 2960 Hercule
864 2906 1024 2956 conlendere
1052 2913 1080 2956 el
1106 2908 1250 2970 compared

157 2998 218 3062 ille,'
247 3004 275 3046 et
296 3011 354 3060 quae
377 2995 502 3057 deinceps
523 3000 684 3057 sequnntur:
723 2991 869 3045 conantem,
881 2989 909 3031 ιι
920 2983 1029 3042 elavem,
1046 2981 1180 3045 leonisque
1192 2996 1252 3030 exn·

158 3075 278 3140 Ulyssem
296 3086 357 3121 vero
367 3073 422 3120 llaec
437 3071 461 3119 ei
473 3069 601 3118 dicentem
614 3068 686 3133 iecit,
722 3063 791 3112 vium
818 3069 982 3120 tractantem,
1009 3058 1087 3120 eique
1111 3057 1250 3120 dicentem,

159 3149 541 3214 ‘Namqoenlinmqnenrqnum
549 3145 686 3194 mortalem
723 3137 826 3201 Egohit
837 3135 1012 3198 digniorum,
1029 3147 1104 3196 quam
1119 3140 1156 3182 tn.
1192 3135 1250 3182 Non

160 3228 318 3278 deteriorem
337 3225 375 3274 'l'o
399 3237 456 3272 esse
475 3236 541 3285 nego
549 3219 577 3284 ς’)
593 3235 685 3269 veron·
723 3214 772 3264 iou
791 3213 818 3260 in
833 3213 926 3260 molam
946 3221 1011 3267 rems
1029 3207 1200 3256 Mefitim?
1218 3207 1251 3256 od

159 3313 256 3365 umen,
273 3299 389 3366 quamvis
407 3297 466 3347 talis
484 3300 528 3358 sit,
539 3297 687 3360 nonqn'res·
724 3294 850 3346 crocotas,
870 3292 898 3334 et
916 3283 948 3332 etl
967 3283 1134 3343 concubinas,
1149 3283 1252 3348 qrribns-

160 3383 212 3432 cito
230 3379 277 3430 sed
295 3377 404 3442 primum
421 3375 525 3439 quidem
544 3388 602 3423 cnm
620 3373 687 3436 regl-
725 3379 783 3415 com
802 3363 829 3411 ln
848 3360 923 3410 lectio
942 3367 1024 3407 toturn
1042 3357 1111 3408 diem
1123 3366 1256 3420 conteres,

160 3457 208 3508 bns
220 3457 322 3506 rixatur
338 3461 364 3502 et
380 3450 525 3511 contendit,
540 3449 621 3498 mnltn
638 3447 688 3498 sibi
725 3440 802 3490 mdo
824 3438 908 3486 lilim
932 3447 1047 3498 pnrpnra
1068 3435 1176 3484 fintitio
1199 3441 1253 3484 tr·-

160 3529 373 3598 supponendam
390 3529 445 3591 ipse
465 3525 617 3588 magnificor
635 3525 688 3588 qni·
725 3517 797 3576 henr,
815 3513 890 3562 modo
908 3509 1012 3561 corollis
1032 3510 1175 3572 redimitos,
1191 3524 1253 3560 oon·

161 3607 219 3659 deur
232 3607 334 3656 viruit:
351 3601 445 3653 deinde
456 3603 525 3652 inter
539 3599 689 3664 optimateis
726 3602 864 3654 numqutm
881 3587 962 3637 olim
978 3585 1065 3636 oculot
1080 3586 1177 3636 liabent
1195 3585 1253 3634 fuli-

161 3699 190 3738 ιι
209 3684 266 3747 ipae
287 3679 416 3731 collocare
435 3678 523 3738 undet,
544 3677 625 3740 ‘qum
643 3674 689 3725 tibi
727 3667 788 3731 gine
804 3673 833 3715 et
854 3664 928 3728 nigro
946 3663 1033 3711 colore
1054 3661 1191 3722 obductos,
1207 3668 1255 3712 ant

161 3759 235 3810 Graii
246 3757 336 3808 Primo
355 3755 489 3815 donamus,
502 3765 560 3802 cnm
578 3751 690 3814 aliquam
728 3742 807 3804 ,oliam
818 3740 844 3789 in
856 3740 939 3789 mnlte
954 3745 983 3786 ιι
993 3737 1116 3788 indecoro
1126 3737 1254 3787 ebrietate

163 3833 366 3899 expugnavimus
402 3827 490 3878 urbem
506 3827 523 3876 ι’
566 3833 593 3875 ιι
626 3825 689 3874 illud
729 3818 847 3868 tlbiorom
874 3820 953 3872 centu
980 3812 1117 3862 delinitos:
1138 3819 1256 3862 ceteronr

159 3913 259 3966 ‘Quem
272 3914 318 3958 aut
334 3919 383 3970 ego
393 3906 525 3968 captivum
541 3902 634 3952 vinctis
647 3900 691 3949 ab·
728 3909 786 3959 qum
802 3893 839 3942 lria
854 3895 916 3940 ιιιιιι
931 3893 1104 3938 consentanee
1121 3894 1150 3936 et
1165 3899 1256 3936 conse.

161 3989 261 4040 duxero
280 3983 381 4048 palmis,
399 3979 454 4030 Ant
469 3979 534 4028 alluo
552 3977 689 4027 Graiorum
728 3969 934 4035 qrrentiaagens‚
948 3969 977 4012 nt
997 3963 1090 4010 vermis
1107 3962 1211 4026 qrridum
1228 3965 1256 4012 iu

162 4063 253 4129 aliquis
261 4061 279 4109 ι’
302 4059 340 4107 sic
361 4062 389 4105 et
410 4055 548 4117 Epicurus,
568 4060 690 4115 tanquam
728 4045 804 4094 valde
814 4055 909 4107 spnrco
920 4046 948 4088 et
962 4037 1082 4086 stercoris
1093 4039 1169 4102 pleno
1180 4051 1255 4088 coeno

162 4139 254 4203 aliquio
265 4136 309 4196 sit,
321 4133 353 4181 de
363 4145 390 4180 ιι
400 4129 540 4179 insolenter
555 4126 691 4190 predicat,
728 4117 874 4169 volutatus?
891 4127 942 4163 nou
964 4111 1042 4196 etism
1061 4118 1100 4174 tn,
1116 4111 1255 4164 audecissi-

161 4216 273 4279 seipsum
287 4211 313 4259 in
325 4205 481 4273 philosophis
491 4202 619 4254 numerari
632 4215 690 4266 pos·
729 4207 796 4244 mnm
816 4199 843 4241 et
864 4186 1114 4254 impudentissimum
1136 4196 1225 4252 capnt,
1240 4203 1257 4239 ι

165 4293 264 4346 tolano:
281 4297 365 4349 neque
376 4283 426 4332 iroc
442 4280 534 4343 solnm,
550 4276 596 4329 sed
613 4277 691 4328 etiam
729 4268 890 4338 philosophia
901 4261 1062 4331 profugiens,
1070 4264 1102 4316 sd
1111 4265 1257 4326 Leontium,
